3298 5195
1130 376 1470 442 ιΛιΑΔοΣ
1518 382 1585 442 Β.
1632 373 1762 463 (2)
2477 374 2615 437 497·

305 551 549 630 φαίνειν
608 553 706 616 καὶ
774 552 1316 634 σαφηνίζειν-τὸ
1366 551 1484 638 γὰρ
1541 550 1764 616 λευκὸν
1822 551 2012 634 ἀργὸν
2072 547 2328 615 ἐκάλουν
2379 549 2438 613 ol
2491 572 2607 612 πα-

300 651 605 735 λαιοί-ἣ
667 656 788 720 ἀπὸ
847 659 955 736 τῆς
1015 658 1164 721 κατᾶ
1226 651 1367 744 [τὴν
1419 655 1634 737 φωνὴν
1679 650 2128 743 ταχυτ]ἣτο[ς]·
2203 654 2303 719 καὶ
2361 655 2478 736 γᾶρ
2535 657 2613 719 τὰ

301 759 458 842 ταχὺ
502 758 690 842 ἀργὸν
726 759 991 843 λέγεται.
1049 762 1463 844 χρυσόρραπις
1503 762 1570 825 δὲ
1615 757 1882 843 λέγεται,
1915 759 2010 822 ὅτι
2057 756 2390 837 πολύτιμός
2434 758 2609 821 ἐστιν

302 862 336 923 6
368 861 441 941 ἐξ
466 862 646 926 αὐτοῦ
672 864 997 946 ῥαπισμός·
1043 866 1107 928 αἱ
1146 864 1264 947 γὰρ
1301 863 1565 947 εὔκαιροι
1612 864 1926 928 νουθεσίαι
1960 866 2201 927 πολλοῦ
2232 859 2402 941 ἄξιαί
2430 862 2606 924 εἰσιν.

300 964 550 1049 λέγεται
594 969 659 1031 δὲ
706 968 805 1032 καὶ
837 966 1022 1049 κῆρυξ
1062 971 1235 1044 θεῶν,
1267 969 1366 1032 καὶ
1409 966 1804 1050 διαγγέλλειν
1834 964 2017 1030 αὐτὸν
2046 964 2321 1049 [ἔφασαν
2349 963 2425 1028 τὰ
2469 963 2606 1046 παρ’
2635 972 2677 1033 5

304 1069 551 1135 ἐκείνων
600 1066 758 1157 τοῖς]
802 1070 1159 1153 ἀνθρώποις,
1214 1068 1399 1153 κῆρυξ
1439 1071 1553 1150 μὲν
1598 1071 1695 1134 ὅτι
1740 1069 1842 1134 διὰ
1895 1071 2104 1150 φωνῆς
2147 1068 2443 1151 μεγίστης
2491 1092 2607 1132 πα-

300 1172 483 1257 ριστᾷ
524 1173 600 1237 τὰ
638 1176 789 1238 κατὰ
832 1179 940 1238 τὸν
975 1176 1169 1258 λόγον
1204 1174 1620 1255 σημαινόμενα
1665 1177 1796 1241 ταῖς
1843 1174 2070 1250 ἀκοαῖς,
2101 1171 2365 1255 ἄγγελος
2394 1172 2460 1236 δὲ
2490 1176 2611 1234 τῶν

302 1279 459 1341 θεῶν
503 1278 636 1342 ἐπεὶ
682 1276 753 1340 τὸ
791 1277 1081 1359 βούλημα
1125 1282 1245 1342 τῶν
1291 1281 1448 1343 θεῶν
1498 1276 1884 1361 γινῶσκομεν
1929 1279 1996 1341 ἐκ
2044 1281 2165 1342 τῶν
2210 1274 2612 1355 ἐνδεδομένων

301 1379 447 1461 ἡμῖν
470 1383 620 1446 κατὰ
645 1377 781 1470 [τὸν
798 1383 1285 1465 λόγον’ἐννοιῶν.
1341 1386 1522 1465 φορεῖ
1542 1385 1607 1446 δὲ
1628 1379 1852 1446 πέδιλα
1875 1376 2185 1469 πτερω-Ιώ
2209 1380 2308 1444 καὶ
2337 1378 2414 1445 δι’
2435 1377 2613 1461 ἀέρος

304 1483 572 1567 φέρεται·
635 1486 909 1568 πτερόεις
950 1485 1070 1570 γὰρ
1116 1487 1150 1549 6
1193 1487 1401 1569 λόγος.
1483 1486 1726 1550 διδόασι
1771 1486 1838 1550 δὲ
1883 1484 2040 1571 αὐτῷ
2089 1485 2190 1549 καὶ
2238 1482 2491 1567 ῥάβδον,
2531 1480 2607 1570 *ᾖ
2642 1498 2719 1539 10

301 1587 513 1672 θέλγει
542 1591 617 1652 τὰ
654 1591 892 1670 ὄμματα
922 1596 1041 1655 τῶν
1072 1588 1431 1670 ἀνθρώπων’
1463 1586 1502 1670 ἢ
1539 1592 1644 1656 τὰς
1684 1589 1975 1655 διανοίας.
2026 1585 2358 1653 πλάττεται
2402 1587 2468 1650 δὲ
2513 1588 2613 1651 καὶ

302 1691 491 1757 ἅπους
535 1693 636 1756 καὶ
678 1691 855 1777 ἄχειρ
895 1693 995 1757 καὶ
1037 1692 1428 1776 τετράγωνος,
1474 1690 1849 1775 τετράγωνος
1890 1693 2004 1772 μὲν
2053 1687 2180 1780 [ὅτι
2227 1694 2461 1773 ἑδραῖος
2513 1691 2612 1755 καὶ

304 1793 611 1877 ἀσφαλής,
656 1795 834 1879 ἄχειρ
879 1795 975 1880 δὲ]
1022 1798 1122 1861 καὶ
1157 1797 1362 1863 ’ἄπους
1404 1797 1500 1860 ὅτι
1545 1796 1685 1861 οὔτε
1726 1801 1953 1878 χειρῶν
1996 1796 2135 1860 οὔτε
2178 1798 2383 1859 ποδῶν
2421 1797 2613 1858 δεῖται

303 1899 392 1965 εἷς
441 1899 511 1962 τὸ
562 1900 767 1964 ἀνύειν
810 1905 880 1963 τὸ
935 1900 1131 1983 ἔργον.
1193 1900 1453 1982 ἱδρύεται
1497 1901 1564 1965 δὲ
1618 1900 1719 1963 καὶ
1769 1900 1839 1962 ἐν
1881 1903 2013 1965 ταῖς
2059 1899 2237 1977 ὁδοῖς,
2283 1898 2418 1963 ἐπεὶ
2461 1896 2610 1979 πρὸς

303 2005 511 2067 πᾶσαν
553 2001 774 2085 πρᾶξιν
802 2002 1056 2086 ἡγεμόνι
1096 2003 1252 2089 αὐτῷ
1292 2004 1596 2087 χρώμεθα.
1655 2002 1791 2068 ἐπεὶ
1820 2003 1886 2066 δὲ
1918 2002 2116 2068 κοινὸς
2147 2002 2246 2066 καὶ
2276 2001 2610 2083 ἀνθρόπων
2641 2012 2715 2075 15

303 2104 402 2169 καὶ
439 2110 610 2181 θεῶν,
653 2104 751 2170 καὶ
790 2106 994 2173 κοινὸν
1036 2105 1284 2189 ἕρμαιον
1324 2102 1627 2193 λέγετ[αι.
1684 2104 2108 2188 προσάπτουσι
2138 2106 2205 2169 δὲ
2239 2100 2372 2191 κ]αὶ
2399 2106 2610 2171 λίθους

305 2203 450 2296 [τῷ]
497 2210 710 2273 τούτου
747 2209 1071 2293 ἀγάλματι,
1116 2214 1441 2289 δηλοῦντες
1491 2209 1572 2277 ὦς
1623 2211 1691 2274 ἐκ
1742 2214 1970 2291 μικρῶν
2011 2215 2210 2290 μερῶν
2254 2210 2612 2273 συνίσταται

304 2315 338 2376 6
369 2300 740 2397 προφορικδς
767 2316 956 2399 λόγος
985 2312 1278 2401 (Cornut.
1310 2313 1430 2377 Th.
1462 2333 1513 2378 e.
1552 2314 1630 2378 16
1663 2335 1723 2398 p.
1760 2331 1843 2379 20
1873 2334 2005 2397 sqq.
2040 2311 2145 2399 L.)

394 2419 539 2483 106.
588 2414 913 2507 πολύαρνι]
976 2416 1297 2504 πολυάρνῳ
1330 2419 1600 2500 ὤφειλεν
1631 2419 1753 2511 ἀπρ
1796 2421 1903 2481 τοῦ
1943 2417 2302 2500 πολύαρνος·
2344 2417 2444 2481 καὶ
2475 2415 2610 2482 ἔστι

302 2523 403 2587 καὶ
433 2526 609 2586 τοῦτο
636 2524 1075 2605 μεταπλασμός
2639 2532 2721 2574 20

400 2645 541 2693 112.
593 2627 1008 2713 <σχέτλιος>]
1055 2630 1089 2692 6
1124 2632 1231 2693 τοῦ
1263 2628 1654 2713 σχετλιάζειν
1696 2628 1793 2693 καὶ
1833 2631 2181 2709 δυσφημεῖν
2209 2625 2350 2695 τοὺς
2380 2627 2611 2710 ἀνθρώ-

302 2755 453 2797 πους
482 2731 692 2804 αἴτιος,
725 2733 759 2794 6
789 2732 986 2799 λύπας
1016 2731 1217 2798 αὐτοῖς
1247 2730 1446 2798 διδούς
1472 2731 1614 2794 Α-
2324 2767 2329 2774 -

396 2847 536 2896 122.
581 2825 1123 2919 <παυροτέροισι>]
1180 2831 1239 2895 ot
1290 2831 1403 2909 μὲν
1450 2832 1570 2914 γᾶρ
1611 2834 1819 2913 Τρῶες
1869 2831 2056 2913 χωρὶς
2106 2834 2228 2893 τῶν
2279 2828 2613 2907 ἐπικούρων

302 2932 462 3013 ἦσαν
486 2935 713 3020 ἀριθμῷ
735 2933 1015 3017 μυριάδες
1038 2934 1221 3000 πέντε
1251 2932 1357 3020 (Il.
1395 2933 1452 2997 8.
1485 2932 1666 3021 562),
1697 2933 1767 2998 τὸ
1789 2937 1856 2999 δὲ
1879 2938 1999 3000 τῶν
2020 2931 2345 3014 Ἑλλήνων
2372 2932 2613 3012 πλῆθός

300 3062 461 3105 τινες
489 3036 602 3119 μέν
633 3045 792 3121 φασι
819 3038 1109 3120 μυριάδας
1142 3035 1249 3119 ιβ’,
1280 3037 1465 3103 ἄλλοι
1494 3039 1562 3103 δὲ
1592 3035 1670 3103 ιδ’
1697 3037 1838 3100 A=
2639 3044 2717 3106 ²5

394 3159 535 3225 129.
578 3139 898 3229 ταμόντες]
931 3140 1006 3207 δι’
1040 3144 1306 3222 ἐντομῶν
1336 3140 1739 3223 ποιησάμενοι

394 3265 536 3330 131.
570 3241 1075 3334 <ἐγχέσπαλοι>]
1110 3248 1170 3310 οἱ
1201 3245 1546 3312 πάλλοντες
1577 3243 1677 3310 καὶ
1710 3248 2013 3311 κινοῦντες
2040 3246 2118 3308 τὸ
2146 3244 2391 3326 δόρατα,
2420 3251 2610 3309 πολε-

299 3351 496 3430 μικοί·
546 3349 751 3416 ἔσειον
801 3351 867 3414 δὲ
920 3349 1071 3414 αὐτὰ
1115 3348 1234 3432 πρὸ
1292 3352 1399 3430 τῆς
1449 3348 1751 3431 ἀφέσεως,
1792 3347 1875 3431 μή
1919 3373 2067 3413 ποτε
2118 3347 2235 3430 ἄρα
2288 3348 2414 3414 εἶεν
2463 3355 2610 3412 κλα-

302 3451 530 3520 σθέντα
556 3452 696 3515 A=

395 3570 540 3636 145.
586 3560 621 3590 “
647 3556 817 3639 εὖρος
843 3556 876 3582 ”
911 3558 946 3619 6
975 3556 1096 3622 ἀπὸ
1131 3559 1436 3638 ἀνατολῆς
1464 3554 1687 3634 πνέων,
1720 3558 1755 3619 6
1786 3557 1884 3622 καὶ
1917 3556 2288 3635 ἀπηλιώτης,
2319 3562 2354 3593 “
2379 3554 2610 3623 νότος”
2639 3570 2719 3629 30

302 3661 336 3723 6
367 3660 488 3724 ἀπὸ
514 3661 920 3742 μεσημβρίας,
946 3665 980 3695 “
999 3660 1282 3744 βορρᾶς”
1315 3663 1349 3725 6
1379 3663 1501 3727 ἀπὸ
1536 3661 1757 3743 ἄρκτου
2608 3661 2609 3664 ’

395 3776 538 3848 153.
588 3759 919 3852 <οὗρούς>]
953 3769 1287 3848 ταφροειδῆ
1330 3765 1655 3848 ὀρύγματα,
1686 3762 1764 3830 δι’
1797 3766 1882 3829 ῶν
1924 3764 1990 3829 αἱ
2035 3767 2175 3843 νῆες
2219 3762 2611 3831 καθέλκονται

303 3869 389 3934 εἰς
419 3867 531 3947 τὴν
561 3867 889 3947 θάλατταν,
921 3867 959 3948 ἢ
990 3869 1099 3940 τὰς
1128 3870 1377 3937 ἀντλίας
1406 3869 1543 3932 A—

393 3985 539 4054 154.
583 3973 703 4038 ὖπὸ
734 3973 785 4039 δ’
817 3971 1026 4061 ᾕρεον]
1056 3976 1328 4062 ὑφῄρουν
1355 3973 1493 4036 A=
1775 3967 2032 4060 ἕρματα]
2067 3972 2394 4053 ἐρείσματα
2418 3970 2553 4042 Α-Ι-

393 4089 536 4157 155.
588 4075 1010 4162 <ὖπέρμορα>]
1058 4077 1207 4159 ὑπὲρ
1258 4075 1329 4141 τὸ
1374 4079 1704 4158 προσῆκον,
1734 4077 1885 4159 ὑπὲρ
1928 4074 1999 4140 τὸ
2045 4074 2421 4157 εἱμαρμένον
2471 4074 2609 4140 όνο-
2639 4083 2719 4145 35

298 4180 553 4260 ματικὸν
601 4181 916 4262 ἐπίρρημα,
963 4182 1171 4264 ὥσπερ
1223 4178 1322 4246 καὶ
1372 4179 1444 4245 τὸ
1488 4178 1630 4246 δέον
1673 4179 1989 4263 οὐδέτερον
2031 4179 2164 4245 ἀντὶ
2208 4182 2316 4244 τοῦ
2358 4179 2614 4247 δεόντως

303 4281 591 4350 Ἀττικῶς
622 4283 1171 4365 παραλαμβάνεται
1197 4285 1338 4348 Α-

395 4386 536 4467 169.
582 4382 954 4475 ἀτάλαντον]
989 4387 1395 4454 ζσοτάλαντον

373 4666 413 4702 ι.
437 4650 743 4716 mermes.
759 4654 794 4704 1.
816 4668 845 4717 3
871 4657 893 4714 n
924 4668 999 4708 10.
1014 4652 1066 4706 εὶ
1082 4655 1313 4708 Bekkerz
1335 4653 1432 4721 γὰρ
1456 4661 1478 4717 n
1509 4670 1585 4722 19.
1606 4655 2043 4720 ἡωιοπολυιρφ
2060 4655 2203 4705 omi-i
2228 4658 2251 4714 ιι
2281 4665 2356 4716 23„
2379 4656 2463 4715 'rr-
2486 4652 2534 4700 οἱ
2552 4669 2609 4715 x·

303 4723 324 4779 ΙΙ
351 4732 429 4783 34.
466 4717 728 4783 ἐρείσματα
750 4736 852 4770 non
873 4727 1068 4771 eertum

392 4820 534 4865 vor..
568 4820 656 4866 v1.
1401 4822 1446 4867 ι
1477 4804 1524 4867 k
