3298 5195
651 330 781 393 536
1458 333 1803 393 ιΛιΑΔοΣ
1849 332 1929 391 Ν.
1974 326 2152 415 (13)

741 516 893 588 543.
940 512 979 539 “
999 500 1198 584 ἐάφθη
1219 498 1254 527 ”
1284 499 1416 581 ἤτοι
1448 498 1898 582 ἀπεκρεμάσθη.
1946 499 2016 564 τὸ
2047 499 2199 580 θέμα
2227 499 2416 573 ἅπτω,
2450 501 2484 564 6
2511 498 2762 581 μέλλων
2791 498 2960 581 ἅψω,

657 608 690 670 6
720 605 1155 688 παρακείμενος
1185 604 1337 687 ἧφα,
1368 605 1401 667 6
1431 603 1760 684 παθητικδς
1789 602 1996 684 ῆμμαι,
2019 605 2053 668 6
2083 603 2409 683 παθητικδς
2439 604 2721 686 ἀόριστος
2751 602 2965 683 ἥφθην

653 708 856 791 ῆφθης
884 710 1055 791 ἥφθη
1088 710 1186 774 καὶ
1214 707 1492 774 Ἰωνικῶς
1522 706 1691 787 ἅφθη
1726 704 1825 771 καὶ
1854 710 2224 793 πλεονασμῷ
2255 712 2361 772 τοῦ
2386 718 2417 772 ἐ
2452 716 2489 744 “
2510 707 2710 789 ἐάφθη
2731 704 2772 735 ”
2808 705 2875 769 A
2893 719 2949 774 ÷

740 824 889 893 551.
934 807 1331 900 περισταδόν]
1366 808 1498 875 ἀντὶ
1528 815 1634 874 τοῦ
1666 807 2118 892 περιιστάμενοι
2142 830 2264 873 reo·

587 933 623 995 5
739 927 889 998 555.
935 921 1198 982 πολλοῖς
1227 910 1590 1002 βελέεσσιν]
1627 916 1696 979 ἐν
1725 913 1945 981 άλλαις
1973 912 2199 998 μάχαις
2229 934 2350 977 ree.

739 1031 890 1101 557.
936 1013 1295 1106 στρωφᾶτο]
1329 1017 1510 1082 αὐτοῦ
1539 1017 1610 1082 τὸ
1641 1017 1829 1101 ἔγχος
2090 1030 2239 1100 559.
2283 1012 2414 1104 τεῦ]
2447 1017 2611 1084 τινός

740 1123 888 1204 560.
934 1117 1390 1210 τιτυσκόμενος]
1425 1120 2028 1204 καταστοχαζόμενος

740 1226 887 1310 569.
926 1222 1146 1313 Ἀρης]
1180 1230 1401 1307 τρῶσις
1430 1224 1564 1294 Α-ὶ-

738 1329 886 1410 578.
934 1323 1479 1415 ἀποπλαγχθεῖσα]
1518 1330 2008 1411 ἀποκρουσθεῖσα

547 1457 625 1497 10
743 1433 894 1519 583.
942 1430 976 1496 δ
1008 1428 1103 1520 δέ]
1139 1430 1456 1499 δ”Ελενος

948 1531 1271 1623 <πῆχυν>]
1327 1538 1403 1600 τὰ
1446 1535 1817 1616 ἑκατέρωθεν
1853 1533 2004 1617 μέρη
2049 1540 2154 1599 τοῦ
2198 1535 2266 1600 ἐν
2295 1536 2375 1621 τῷ
2421 1532 2579 1620 τόξῳ
2625 1531 2961 1617 (κέρατος)

654 1636 874 1722 πήχεις
903 1637 1211 1722 ἐλέγοντο,
1242 1642 1276 1703 6
1306 1640 1370 1703 δὲ
1393 1636 1664 1720 Ὅμηρος
1692 1642 1902 1705 ἑνικῶς
1931 1637 2154 1721 γράφει
2188 1647 2207 1675 ‘
2226 1639 2260 1702 6
2288 1635 2519 1722 πῆχυς’
2551 1657 2674 1701 ree·

741 1741 890 1823 584.
937 1738 1303 1830 ὁμαρτήτην]
1338 1744 1486 1824 ὁμοῦ
1517 1741 1763 1823 ἀφῆκαν
1790 1762 1906 1804 ree.

743 1845 889 1927 588.
940 1841 1325 1933 <πτυόφιν>]
1358 1847 1430 1934 τῇ
1450 1833 1538 1929 φῖ
1569 1845 1898 1931 παραγωγῇ
1930 1846 1964 1909 6
1996 1844 2247 1924 ποιητὴς
2267 1841 2540 1927 Ὄμηρος
2585 1846 2738 1909 κατὰ
2776 1847 2968 1926 τριῶν

553 1971 625 2032 15
657 1947 938 2033 κέχρηται
960 1950 1271 2023 πτώσεων,
1297 1952 1398 2014 ἐπὶ
1426 1953 1669 2033 γενικῆς
1692 1952 1931 2028 δοτικῆς
1953 1945 2051 2011 καὶ
2070 1950 2420 2028 αἰτιατικῆς·
2459 1949 2559 2013 καὶ
2590 1948 2691 2012 ἐπὶ
2711 1950 2966 2031 γενικῆς

651 2054 765 2135 μὲν
795 2055 983 2121 οὕτως
1013 2053 1148 2120 “dn-
1179 2054 1228 2118 δ’
1256 2053 1342 2117 ὅτ’
1363 2049 1906 2134 ἀπδ-πτυόφιν·”
1938 2052 2073 2116 ἔστι
2091 2055 2207 2135 γὰρ
2225 2053 2347 2115 ἀπὸ
2369 2056 2476 2116 τοῦ
2497 2051 2703 2115 πτύον.
2752 2052 2855 2115 ἐπὶ
2891 2052 2963 2114 δὲ

654 2161 896 2235 δοτικῆς
913 2156 1207 2239 “”Έκτωρ
1237 2157 1353 2239 ῆφι
1375 2156 1611 2240 βίηφι”
1632 2154 1740 2243 (Il.
1766 2174 1867 2223 22.
1887 2153 2056 2241 107)·
2088 2156 2224 2220 ἔστι
2252 2154 2369 2238 γὰρ
2392 2156 2464 2241 τῇ
2497 2159 2710 2220 ἑαυτοῦ
2734 2154 2961 2240 (βία).

654 2257 757 2321 ἐπὶ
787 2257 854 2320 δὲ
885 2259 1212 2335 αἰτιατικῆς
1238 2255 1321 2336 “ἢ
1354 2258 1456 2322 ἐπὶ
1478 2255 1761 2339 δεξιόφιν
1781 2252 1816 2282 ”
1836 2253 2042 2342 (308)·
2088 2256 2222 2320 ἔστι
2252 2258 2369 2339 γὰρ
2400 2265 2419 2292 ‘
2441 2253 2478 2334 ῆ
2512 2256 2613 2320 ἐπὶ
2643 2257 2720 2318 τὸ.
2748 2252 2960 2333 δεξιά.’

653 2351 690 2433 ἢ
737 2355 830 2419 ἐπ’
864 2356 1116 2434 εὐθείας,
1148 2356 1227 2422 ὣς
1255 2355 1552 2423 Ἡσίοδος
1596 2354 1788 2441 (Opp.
1823 2353 1977 2441 216)
2009 2361 2046 2391 “
2065 2353 2540 2437 ὁδὸς-ἑτέρηφι
2571 2351 2964 2436 παρελθεῖν·”

549 2477 626 2519 20
657 2456 788 2522 ἔστι
834 2461 952 2542 γᾶρ
999 2458 1193 2541 ἑτέρα.
1261 2460 1361 2524 ἐπὶ
1401 2463 1467 2524 δὲ
1510 2460 1792 2539 κλητικῆς
1826 2458 2103 2539 Ἀλκμὰν
2150 2459 2184 2522 6
2222 2457 2555 2537 μελοποιὸς
2597 2454 2701 2543 (fr.
2732 2472 2816 2543 59
2850 2456 2960 2545 Β.)

653 2562 807 2627 οὕτω
841 2571 881 2600 “
901 2566 1123 2635 Μῶσα,
1160 2561 1309 2630 Διὸς
1340 2562 1596 2647 θύγατερ
1627 2562 1988 2646 ὦρανίαφι·”
2038 2563 2174 2628 ἔστι
2202 2564 2318 2648 γὰρ
2354 2562 2603 2644 οὐρανία
2633 2562 2695 2625 Α
2716 2578 2770 2633 ÷

935 2662 1172 2754 ἀλῳήν]
1212 2667 1417 2751 (παρὰ
1452 2667 1604 2750 τὴν)
1645 2667 1836 2734 ἀλσιν

738 2782 888 2853 599.
937 2768 1066 2835 οἰὸς
1094 2766 1298 2858 ἀώτῳ]
1331 2772 1492 2857 ἐρίῳ,
1526 2772 1699 2838 ἄνθει
1730 2791 1851 2836 ree.

739 2869 886 2938 622.
934 2872 1040 2937 οὐκ
1073 2859 1397 2961 ἐπιδευεῖς]
1431 2872 1565 2953 ἤτοι
1596 2874 1704 2940 οὗκ
1736 2877 1976 2952 ἐνδεεῖς,
2010 2875 2177 2939 ἀλλὰ
2200 2873 2453 2957 πλήρεις

548 2994 621 3054 25
739 2973 883 3053 641.
931 2974 1243 3066 συλήσας]
1321 2978 1696 3045 σκυλεύσας·
1774 2983 1937 3043 σΰλα
1999 2977 2115 3062 γὰρ
2175 2981 2250 3043 τὰ
2323 2981 2523 3043 σκῦλα
2564 2977 2757 3060 ’παρὰ
2833 2984 2967 3047 τοῖς
3020 2997 3033 3008 “

650 3083 938 3147 παλαιοῖς

739 3183 889 3267 653.
937 3181 1215 3272 καταῦθι]
1252 3185 1460 3250 αὐτόθι

737 3285 887 3369 669.
935 3284 1129 3375 θῳήν]
1164 3288 1233 3351 τὸ
1263 3291 1368 3366 τῆς
1401 3288 1761 3371 ἀστρατείας
1793 3285 1988 3370 φησὶν
2018 3286 2333 3368 ἐπιζήμιον

738 3390 885 3471 678.
933 3388 1164 3478 σθένει]
1202 3392 1449 3457 ἐκείνων
1712 3391 1918 3475 αὐτός]
1951 3393 2050 3456 καὶ

545 3518 624 3576 30
736 3492 884 3561 682.
930 3491 1257 3583 εἰρυμέναι]
1292 3494 1686 3573 εἱλκυσμέναι
1948 3493 2096 3575 684.
2147 3491 2454 3582 ζαχρηεῖς]
2488 3497 2734 3580 ἰσχυροί

740 3598 887 3680 706.
931 3594 1045 3686 τό]
1080 3598 1325 3665 τούτους
1588 3595 1750 3686 οἷον]
1780 3599 1971 3680 μόνον

731 3749 738 3756 -
938 3696 1163 3789 ἐέργει]
1196 3699 1329 3780 ἤτοι
1357 3700 1516 3784 ῥέζει

741 3816 886 3887 707.
933 3801 1133 3892 ὦλκα]
1166 3805 1276 3885 τὴν
1307 3805 1543 3870 αὔλακα
1807 3805 1952 3889 716.
1999 3802 2200 3894 ἀότῳ]
2232 3804 2367 3885 ἤτοι
2402 3810 2475 3894 τῇ
2508 3807 2821 3895 σφενδόνῃ

743 3907 887 3992 736.
934 3903 1163 3995 δεδήει]
1199 3910 1441 3989 πυρόεις
1470 3911 1587 3993 γὰρ
1620 3906 1718 3973 καὶ
1751 3909 2070 3977 καυστικδς
2102 3912 2135 3974 6
2166 3911 2434 3990 πόλεμος

547 4038 622 4096 35
740 4013 884 4094 756.
935 4007 1312 4098 Πανθοίδην]
1348 4011 1454 4077 τὸν
1480 4011 1615 4077 υἰὸν
1652 4013 1900 4077 Πάνθου

740 4127 884 4197 773.
933 4118 1038 4178 νῦν
1066 4139 1161 4179 τοι
1200 4121 1323 4181 σῶς
1366 4115 1542 4182 αἰπὺς
1588 4112 1871 4203 ὄλεθρος]
1920 4115 2051 4195 ἤτοι
2094 4119 2283 4197 μηδὲν
2326 4120 2605 4185 ἐλλείπει
2659 4144 2762 4183 σοι
2808 4120 2969 4201 πρὸς

651 4217 962 4283 ἀπώλειαν

741 4322 885 4403 776.
928 4315 1224 4409 ἐρωῆσαι]
1258 4322 1655 4406 ὑποχωρῆσαι

716 4486 761 4534 3.
796 4473 1044 4536 ποιητικῶς
1076 4474 1471 4539 pro'tnmffinA
1527 4480 1549 4535 11
1613 4474 1689 4525 16.
1722 4474 1857 4527 ττύω
1906 4482 1928 4538 ΙΙ
1983 4488 2058 4543 17.
2092 4480 2260 4544 δοτικῇ
2308 4486 2329 4542 fl
2386 4483 2459 4532 18.
2496 4480 2739 4543 αἰτιατικῇ
2795 4489 2816 4544 u
2880 4496 2962 4549 19.

649 4540 910 4600 παρελθεῖν
931 4540 983 4587 Α
1005 4544 1058 4588 et
1091 4541 1303 4589 Hesiodi
1337 4540 1506 4590 codd-z
1543 4540 1632 4589 -ὠν
1692 4547 1713 4602 u
1777 4557 1851 4592 22.
1887 4546 2115 4609 supplevi
2139 4564 2201 4596 ex
2224 4548 2310 4597 Et.
2334 4548 2410 4597 M.
2476 4552 2496 4607 ΙΙ
2558 4546 2705 4598 ἄλσιν
2736 4550 2820 4598 Et.
2846 4549 2960 4600 M.:

648 4602 741 4650 ἀλν
761 4603 864 4666 legi
906 4609 926 4662 ΙΙ
983 4605 1060 4653 28.
1093 4605 1179 4664 τῆς
1203 4604 1457 4667 στρατείας
1478 4606 1542 4660 D.
1566 4606 1667 4655 ταῖς
1690 4606 1959 4668 στρατείαις
2012 4614 2033 4668 ss
2089 4624 2167 4672 30.
2203 4613 2269 4662 ad
2292 4628 2339 4661 v.
2364 4612 2464 4679 690
2487 4612 2705 4678 Πετεῶο]
2733 4614 2961 4666 scholion

648 4667 865 4715 iteratur
886 4668 952 4716 td
975 4667 1037 4717 11.
1063 4684 1113 4730 4.
1138 4679 1233 4731 327
1259 4686 1321 4718 ex
1344 4685 1439 4718 000.
1464 4671 1659 4720 editum
1696 4676 1716 4731 ΙΙ
1756 4671 2037 4734 ἑλκυσματα
