3298 5195
1215 334 1557 395 ιΛιΑΔοΣ
1602 335 1651 395 1.
1696 327 1836 418 (9)
2540 333 2668 397 521

452 515 603 585 520.
652 501 1012 588 (θηλύτεραι
1038 502 1105 567 δὲ
1124 499 1483 591 γυναῖκες>]
1514 503 1579 568 αἱ
1602 507 1753 585 πρὸς
1775 504 1852 566 τὸ
1880 502 2216 585 ἀφροδίσια
2245 503 2665 586 καταφορότε-

365 632 465 689 ραι
491 606 571 675 ὦς
599 607 749 690 πρὸς
778 606 1098 691 σύγκρισιν
1117 612 1238 672 τῶν
1254 606 1498 690 ἀλόγων
1519 605 1704 693 ζῴων·
1749 608 1827 670 τὰ
1853 608 1969 688 μὲν
1994 605 2111 690 γὰρ
2133 606 2301 672 ἄλλα
2329 606 2667 689 ὡρισμένον

370 709 584 795 ἔχουσι
615 716 821 793 καιρὸν
849 712 916 776 ἐν
946 707 994 797 ᾧ
1021 710 1359 792 μίγνυνται,
1382 709 1557 775 αὗται
1587 712 1655 774 δὲ
1684 709 2000 790 διηνεκέως
2028 709 2475 789 πλησιάζουσιν
2504 717 2638 776 A=

455 827 604 896 524,
632 825 694 894 5.
739 816 774 878 6
817 819 956 882 νοῦς
997 819 1287 881 τοιοῦτος·
1348 815 1485 897 περὶ
1534 815 1648 894 μὲν
1691 819 1813 880 τῶν
1863 818 1970 880 νῦν
2013 811 2113 878 καὶ
2163 812 2429 896 σήμερόν
2473 840 2580 896 μοι
2633 817 2668 879 6

364 919 555 1001 λόγος
585 918 1053 983 συντετέλεσται
1083 916 1181 983 καὶ
1210 916 1383 983 οὐδὲν
1411 915 1915 1000 παραλέλειπται,
1942 918 2080 999 περὶ
2109 920 2177 982 δὲ
2206 923 2328 983 τῶν
2350 919 2437 986 είς
2460 918 2667 1001 αὔριον
2700 949 2737 1009 5

368 1021 485 1086 ὑπὸ
514 1021 624 1102 τὴν
653 1021 733 1087 ἔω
761 1020 1008 1102 μηνύσω
1035 1020 1176 1084 A=
1367 1034 1519 1106 527.
1565 1016 2156 1109 κηρεσσιφορήτους]
2187 1020 2665 1104 μοιροφορήτους

457 1125 608 1205 528.
654 1119 858 1213 κῆρες]
906 1125 1082 1189 κακαὶ
1108 1127 1314 1207 μοῖραι
1576 1137 1728 1211 535.
1772 1121 2136 1212 διαείσεται]
2171 1126 2574 1210 διαγνόσεται

458 1227 545 1313 56
548 1248 609 1314 3.
649 1225 1051 1316 πεντήκοντα]
1086 1228 1298 1311 ἄνδρες

456 1332 606 1416 564.
652 1328 1072 1420 ἐρεπτόμενοι]
1103 1334 1170 1398 ἐκ
1199 1335 1307 1413 τῆς
1337 1332 1495 1416 ἔρας,
1525 1333 1562 1397 ὅ
1592 1332 1728 1397 ἐστι
1757 1334 1862 1413 τῆς
1890 1335 2003 1418 γῆς
2032 1331 2475 1415 ἀνασπωμένης

1500 1536 1549 1595 1·
2709 1563 2784 1604 10

461 1659 519 1725 7.
565 1639 907 1732 κορθύεται]
978 1647 1342 1726 κορυφοῦται
1398 1640 1438 1724 ἢ
1498 1643 1843 1727 σωρεύεται·
1921 1646 2135 1727 κόρθυς
2194 1647 2313 1730 γὰρ
2376 1648 2411 1710 6
2475 1645 2671 1730 σωρὸς

371 1751 646 1813 καλεῖται
677 1752 806 1811 Α-

568 1846 789 1940 φΰκος]
813 1851 1038 1936 χόρτον
1300 1868 1407 1937 30.
1451 1851 1780 1935 τετιηότες]
1806 1852 2175 1934 λυπούμενοι
2205 1859 2337 1918 Α--

459 1975 565 2042 34.
609 1957 925 2037 ἀναφορὰν
948 1953 1079 2039 ἔχει
1108 1958 1297 2019 ταῦτα
1325 1949 1353 2025 f
1356 1951 1458 2020 ἐπὶ
1484 1956 1589 2038 τὰ]
1617 1954 1882 2038 ῥηθέντα
1907 1958 2072 2037 παρὰ
2098 1961 2206 2021 τοῦ
2220 1956 2674 2040 Ἀγαμέμνονος

373 2059 440 2124 ἐν
470 2059 541 2146 τῇ
575 2056 627 2123 δ’
654 2059 940 2143 ραψωδία
967 2054 1146 2145 (370,
1171 2055 1235 2145 1)
1264 2058 1359 2122 “ὥ
1395 2081 1520 2137 μοι,
1545 2056 1775 2125 Τυδέος
1802 2059 1897 2122 υἱὲ
1927 2060 2254 2142 δαίφρονος
2284 2060 2672 2143 ἱπποδάμοιο,
2711 2092 2783 2152 ¹5

370 2162 434 2226 τί
462 2160 777 2242 πτήσσεις,
806 2163 870 2228 τί
896 2160 947 2227 δ’
979 2160 1288 2230 ὀπιπεύεις
1323 2158 1620 2241 πολέμοιο
1647 2160 1918 2244 γεφύρας
1941 2159 2002 2236 ,·”
2036 2166 2163 2233 Α-Ι-

460 2264 566 2350 56.
611 2262 831 2355 πάλιν]
862 2269 939 2331 τὰ
960 2266 1205 2333 ἐναντία
1234 2291 1338 2331 σοι
1497 2264 1571 2330 οὗ
1597 2263 1777 2332 τέλος
1806 2266 1934 2330 ἵκεο
1962 2261 2197 2355 μύθων]
2220 2268 2517 2346 ἐπέθηκας
2536 2274 2669 2333 A=

612 2369 685 2435 οὔ
722 2372 901 2438 τέλος
935 2372 1065 2437 ἵκεο
1097 2364 1330 2458 μύθων]
1371 2371 1448 2433 τὸ
1483 2369 1599 2449 μὶν
1635 2370 1755 2452 γαρ
1787 2368 1937 2450 πρὸς
1975 2368 2082 2434 τὸν
2108 2369 2385 2451 βασιλέα
2414 2373 2671 2442 δεόντως

374 2476 632 2556 εἴρηκας,
662 2476 740 2538 τὸ
767 2476 834 2539 δὲ
864 2478 972 2555 τῆς
1001 2475 1356 2555 συμβουλῆς
1387 2473 1485 2537 καὶ
1518 2475 1796 2554 φυλακῆς
1826 2472 2154 2556 ἐνέλειψας
2183 2479 2237 2538 Α
2255 2488 2311 2548 -l-

462 2578 566 2664 63.
610 2572 1016 2669 άφρήτωρ-]
1048 2574 1086 2658 ἦ
1119 2576 1268 2660 πρὸς
1295 2576 1401 2643 τὸν
1427 2576 1737 2662 Ἀχιλλέα
1762 2573 1801 2658 ἢ
1832 2582 1983 2661 πρὸς
2010 2576 2118 2642 τὸν
2149 2575 2573 2663 Ἀγαμέμνονα
2711 2612 2787 2652 20

615 2683 914 2765 φρατρίαν
944 2679 1043 2747 καὶ
1072 2681 1432 2766 συγγένειαν
1457 2681 1542 2761 μὴ
1573 2682 1753 2765 ἔχων.
1822 2683 2086 2765 φρατρία
2115 2681 2184 2748 δέ
2212 2684 2349 2750 ἐστι
2376 2684 2448 2750 τὸ
2476 2685 2680 2768 τρίτον

370 2785 554 2869 μέρος
585 2790 787 2868 φυλῆς
806 2785 947 2849 Α.-.

472 2909 612 2957 100.
656 2886 926 2977 φάσθαι]
956 2889 1365 2970 βουλεύεσθαι

469 3011 614 3060 102.
660 2993 772 3058 σέο
801 2993 852 3058 δ’
884 2990 1115 3081 ἕξεται]
1147 2991 1282 3073 ἦτοι
1320 2995 1387 3058 ἐν
1421 2994 1494 3080 τῇ
1526 2996 1607 3080 σῇ
1639 2991 1891 3080 ἐξουσία
1920 2994 2102 3078 ἔργον
2129 2999 2307 3060 τοῦτο
2335 2994 2682 3078 δοκιμάσαι,

373 3096 509 3176 ἤτοι
525 3103 597 3161 τὸ
614 3102 736 3163 τὸν
750 3099 956 3177 λόγων
973 3098 1326 3178 κατόρθωμα
1348 3096 1462 3161 σὸν
1479 3097 1674 3163 ἔσται·
1704 3099 1791 3165 είς
1808 3099 1881 3161 σὲ
1904 3097 2021 3181 γὰρ
2045 3097 2524 3183 ἀνενεχθήσεται
2539 3103 2592 3164 Α
2605 3127 2670 3158 =
2712 3123 2788 3183 25

471 3199 613 3264 106.
660 3198 735 3280 ἐξ
758 3201 848 3266 ἔτι
878 3195 1016 3289 τοῦ]
1048 3198 1147 3265 ἀπ’
1180 3200 1413 3266 ἐκείνου
1441 3204 1549 3264 τοῦ
1576 3200 1801 3282 χρόνου
1830 3206 1962 3265 A=

660 3299 959 3392 διογενές]
992 3301 1058 3367 ὦ.
1118 3303 1173 3388 ξ.
1205 3310 1242 3339 “
1265 3301 1624 3387 διογενεῢς”
1998 3381 2003 3384 ,

659 3406 730 3472 τὸ
759 3411 792 3441 “
818 3411 1121 3491 διογενεΰς
1134 3403 1177 3436 ”
1206 3410 1514 3485 περισπᾶν
1552 3411 1672 3473 δεῖ·
1719 3408 2071 3490 συναίρεσιν
2113 3409 2232 3492 γάρ
2262 3408 2508 3489 ἔπαθεν,
2544 3410 2681 3476 ἐπεὶ

378 3508 449 3575 τὸ
479 3507 721 3578 ἐντελές
749 3511 884 3576 ἐστι
914 3508 1220 3595 διογενέος

377 3615 384 3622 ’
473 3631 615 3699 109.
660 3608 1114 3702 ἀπεμυθεόμην]
1146 3613 1524 3697 ἀπηγόρευον
1554 3618 1608 3677 Α
1625 3627 1683 3684 -1-
2711 3649 2792 3707 30

474 3732 615 3800 115.
659 3714 917 3807 ψεῦδος]
949 3718 1084 3783 ἀντὶ
1118 3715 1310 3802 (τοῦ)
1346 3721 1608 3800 ψευδῶς,
1637 3717 1829 3798 ὄνομα
1859 3717 1994 3783 ἀντὶ
2023 3715 2424 3800 ἐπιρρήματος
2456 3724 2587 3783 A=

471 3839 611 3889 122.
657 3816 946 3909 ἀπύρους]
980 3820 1449 3902 ἀναθεματικούς
1479 3823 1532 3884 Α
1551 3834 1608 3891 4-

473 3943 617 4011 123.
664 3932 703 3963 “
721 3923 1031 3993 αίθωνας”
1061 3924 1200 3993 τοὺς
1243 3923 1393 4008 πρὸς
1436 3928 1554 4007 πῦρ
1598 3922 1975 4005 ἐπιτηδείους
2019 3922 2119 3990 καὶ
2161 3925 2532 4009 λεγομένους
2575 3930 2681 4009 ἐμ-

381 4026 720 4109 πυριβήτας
750 4032 880 4091 A—

475 4145 615 4213 125.
660 4126 906 4220 ἀλήιος]
953 4131 1181 4213 ἐνδεής,
1214 4133 1360 4199 ἄνευ
1396 4132 1588 4209 λείας,
1621 4130 1883 4214 ἐλλιπὴς
1918 4130 2347 4214 βοσκημάτων·
2389 4134 2531 4200 λεία
2565 4133 2685 4217 γὰρ
2712 4155 2791 4218 35

383 4235 595 4316 κυρίως
621 4233 660 4314 ἦ
691 4239 813 4299 τὸν
839 4234 1252 4317 βοσκημάτων
1280 4240 1492 4316 κτῆσις

476 4356 617 4424 130.
664 4334 992 4427 ἐξελόμην]
1025 4338 1101 4406 ὥς
1133 4337 1474 4422 ἐξαιρέτους
1501 4338 1738 4419 ἔλαβον

665 4440 827 4525 παρὰ
870 4443 1170 4523 Λεσβίοις
1213 4442 1378 4526 ἀγὸν
1421 4442 1634 4525 ἄγεται
1683 4439 1947 4510 κάλλους
1986 4447 2288 4526 γυναικῦν
2330 4444 2399 4510 ἐν
2441 4443 2524 4530 τῷ
2574 4446 2685 4526 τῆς

435 4585 495 4687 ὃ.
527 4568 765 4635 nuptia&
800 4574 822 4630 ΙΙ
860 4582 908 4634 5.
942 4567 1111 4632 δὶτὴσ
1145 4573 1167 4631 Ι
1206 4581 1251 4650 2.
1284 4568 1542 4619 δαιείσεται
1565 4574 1796 4650 *01th
1835 4584 1911 4635 14.
1946 4570 2177 4637 supplevi
2207 4573 2396 4624 oxAD
2431 4577 2454 4634 η
2492 4570 2681 4625 amar·

382 4637 433 4686 A
504 4636 614 4688 :82⁹
650 4639 672 4697 Ι
710 4646 786 4700 ²⁷·
822 4633 1273 4702 roopoetzomsi
1309 4640 1334 4696 fl
1370 4649 1449 4699 33-
1483 4633 1797 4702 καὶιωρσιι
1830 4634 1865 4698 ἢ
