3298 5195
1167 358 1507 418 ιΛιΑΔοΣ
1551 357 1625 416 ψ.
1672 350 1848 439 (23)
2534 350 2660 411 557

485 546 594 611 91.
638 522 784 614 ὁμή]
813 525 851 606 ἦ
886 524 1031 605 αὐτή
1293 544 1397 608 94.
1444 519 1653 610 ἠθείη]
1684 525 1818 587 θεία

447 647 583 711 107.
632 627 822 718 ἔικτο]
858 630 1128 709 ὧμοίωτο
1390 627 1717 710 θέσκελον]
1741 628 1917 692 θείως

446 753 475 796 1
493 753 517 797 1
537 754 586 797 1.
630 733 875 816 οὐρῆας]
907 733 981 796 τὰ
1009 733 1313 815 λεγόμενα
1339 728 1892 814 μουλαροφορτηγά

447 853 590 919 115.
638 836 875 920 σειράς]
917 836 1301 921 <σ>χοίνους

446 941 588 1005 116.
635 937 869 1029 πολλά]
903 945 1086 1005 τοπία
1345 935 1601 1026 ἄναντα]
1636 938 1919 1019 ἀνωφερῆ
1944 936 2079 1000 B=
2687 958 2723 1017 5

642 1041 933 1132 κάταντα]
971 1046 1287 1125 κατωφερῆ
1319 1042 1454 1105 B=
1727 1037 2031 1129 πάραυτα]
2067 1039 2267 1121 ὁμαλά

640 1144 892 1236 δόχμια]
927 1146 1163 1230 πλάγια
1194 1147 1328 1210 B=

447 1267 588 1315 121.
636 1250 872 1335 ἔκδεον]
904 1250 1195 1330 ἑδέσμουν
1455 1249 1582 1333 ταί]
1614 1251 1677 1313 αἱ
1706 1248 1946 1330 ἡμίονοι

446 1371 589 1419 122.
635 1350 984 1442 ἐλδόμεναι]
1018 1353 1498 1436 προθυμούμεναι
1670 1352 1934 1435 ῥωπήια]
1965 1355 2042 1417 τὰ
2078 1354 2357 1437 φρύγανα

446 1475 588 1542 130.
634 1464 870 1540 χαλκὸν
902 1457 1263 1540 ζώννυσθαι]
1299 1459 1549 1538 σίδηρον
1582 1457 2066 1534 καθοπλίζεσθαι
2692 1475 2765 1515 10

446 1559 584 1645 136.
633 1559 809 1643 κάρη]
839 1566 946 1625 τοῦ
976 1561 1337 1642 Πατρόκλου
1615 1577 1759 1637 144.
1806 1558 2041 1642 ἄλλως]
2069 1558 2263 1640 μάτην
2291 1579 2410 1622 rec.
2433 1559 2567 1627 A÷

415 1678 591 1747 159.
637 1660 971 1752 ὅπλεσθαι]
1007 1664 1355 1747 εὐτρεπίσαι
1510 1663 1653 1728 160.
1701 1662 1939 1746 κήδεος]
1971 1663 2290 1744 φροντίδος
2320 1660 2489 1740 ἄξιος
2506 1661 2645 1724 Α--

444 1768 587 1847 169.
635 1766 847 1850 δρατά]
879 1770 956 1831 τᾶ
986 1766 1164 1848 νεκρά

447 1884 591 1952 177.
637 1870 956 1954 σιδήρεον]
983 1871 1238 1955 ἰσχυρόν
1499 1865 1769 1957 νέμοιτο]
1805 1870 1964 1935 καίοι

446 1972 590 2037 186.
633 1974 1214 2059 ῥοδόεντι-ἐλαίῳ]
1245 1979 1326 2059 τῷ
1354 1973 1654 2058 ῥοδελαίῳ
1686 1972 1998 2058 λεγομένῳ
2692 1993 2769 2051 15

448 2080 589 2158 187.
638 2077 1006 2160 ἀποδρύφοι]
1037 2075 1288 2157 ἆποξέοι
1550 2072 1961 2165 ἑλκυστάζων]
1996 2079 2030 2141 ὁ
2058 2076 2392 2161 Ἀχιλλεύς
2422 2076 2557 2138 A:

449 2199 586 2263 190.
630 2181 837 2264 μένος]
867 2184 939 2247 τό

447 2303 589 2366 191.
637 2285 915 2368 σκήλειε]
948 2285 1241 2350 σκελετὸν
1268 2283 1564 2362 ποιήσειε,
1596 2283 1847 2366 ξηράναι
1878 2284 1935 2346 Α
1956 2299 2009 2355 4

642 2390 801 2471 ἆμφὶ
832 2387 968 2470 περὶ
995 2391 1154 2473 χρόα
1183 2388 1406 2471 ἴνεσιν]
1436 2387 1543 2452 τὸν
1573 2390 1733 2471 ἀμφὶ
1763 2393 1889 2455 τοῖς
1921 2389 2152 2471 νεύροις
2182 2391 2340 2472 χρόα

446 2505 585 2576 195.
628 2493 820 2579 βορέῃ
853 2493 953 2557 καὶ
985 2493 1248 2578 ζεφύρῳ]
1279 2498 1597 2575 συγγενεῖς
1627 2493 1793 2557 οὗτοι
2692 2517 2779 2557 αα

446 2614 587 2681 197.
636 2597 1074 2680 φλεγεθοίατο]
1107 2595 1405 2679 φλέξαιεν
1671 2616 1815 2662 200.
1863 2597 1920 2662 οἳ
1950 2596 2092 2682 μέν]
2124 2601 2183 2662 οἱ
2215 2599 2427 2679 ἄνεμοι

444 2703 587 2766 216.
635 2700 817 2787 πυρῇ]
850 2702 920 2786 τῇ
951 2699 1188 2785 μεγάλῃ
1219 2701 1377 2784 πυρᾷ
1642 2703 1791 2767 226.
1839 2698 2045 2789 ἐρέων]
2077 2703 2319 2782 μηνύων

444 2824 590 2890 233.
638 2804 695 2868 οἳ
726 2804 821 2886 δέ]
844 2801 1150 2881 Ἕλληνες
1414 2822 1555 2889 234.
1599 2805 1732 2887 μίν]
1763 2805 1869 2868 τὸν
1900 2802 2202 2889 Ἀχιλλέα

444 2927 591 2988 240.
639 2904 1358 2990 ἀριφραδέα-τέτυκται]
1393 2908 1812 2990 εὗεπίγνωστα
1841 2906 2180 2991 ὑπάρχουσι
2213 2912 2288 2973 τᾶ
2317 2909 2476 2973 ὀστᾶ

446 3031 589 3098 243.
642 3010 979 3095 (δίπλακι)
1015 3009 1212 3095 δημῳ“]
1244 3012 1394 3077 ἴσως
1433 3013 1549 3093 γὰρ
1595 3009 1671 3090 ἦν
1717 3012 1816 3075 καὶ
1863 3008 2022 3074 κάτω
2067 3017 2188 3076 τῶν
2230 3014 2431 3077 ὀστῶν
2474 3014 2659 3079 λίπος
2691 3033 2775 3094 25·

356 3116 458 3178 καὶ
489 3115 612 3178 ἄνω
641 3120 761 3178 τῶν
791 3115 991 3177 ὀστῶν

447 3231 592 3298 257.
639 3216 953 3302 χεύαντες]
985 3216 1558 3300 ἆναχωματίσαντες

446 3321 592 3386 261.
639 3320 887 3403 πολιόν]
923 3321 1030 3384 τὸν
1061 3321 1318 3400 ἔντιμον,
1350 3319 1456 3382 τὸν
1485 3319 1933 3403 χρησιμεύοντα
1964 3322 2050 3388 είς
2080 3320 2267 3384 πόλιν

446 3426 589 3508 263.
637 3420 808 3511 θῆκε]
843 3426 904 3489 τί
938 3427 1003 3488 δὲ
1034 3425 1254 3503 ἔθηκεν
1274 3449 1296 3497 ,·

445 3530 588 3592 266.
633 3527 897 3609 βρέφος]
931 3527 1196 3608 ἔμβρυον
1461 3528 1605 3608 276.
1655 3526 1820 3610 περί]
1851 3526 2000 3608 ὑπέρ
2030 3524 2175 3587 A=
2692 3558 2770 3613 30

447 3649 587 3711 292.
633 3630 843 3713 αὐτόν]
874 3629 980 3695 τὸν
1012 3631 1261 3696 Αἰνείαν
1439 3648 1584 3714 299.
1634 3631 1966 3719 εὐρυχόρῳ]
1998 3634 2069 3718 τῇ

442 3755 585 3821 310.
632 3729 745 3823 τῷ]
779 3736 880 3798 διὰ
910 3741 1085 3798 τοῦτο
1349 3749 1499 3819 315.
1534 3733 1705 3817 μήτι]
1737 3739 1772 3767 “
1789 3733 1964 3814 μήτει
1984 3733 2021 3759 ”

642 3835 778 3923 μέγ’
811 3834 1100 3926 ἀμείνων]
1133 3840 1204 3925 τῇ
1236 3839 1438 3925 βουλῇ
1722 3840 1868 3924 318.
1911 3837 2084 3922 μήτι]
2115 3844 2151 3875 “
2170 3839 2399 3920 μήτει”

442 3961 590 4027 329.
636 3942 780 4025 λᾶε]
810 3943 976 4007 λίθοι
1239 3942 1617 4025 ἐρηρέδαται]
1647 3944 2037 4025 στηρίζουσιν

446 4063 594 4129 330.
643 4045 862 4128 ἀμφίς]
895 4047 1327 4128 ἆμφότερωθεν
1589 4065 1737 4132 331.
1785 4046 1915 4129 τεῦ]
1946 4049 2111 4115 τινός
2692 4077 2767 4134 35

443 4165 590 4232 333.
639 4149 736 4211 καὶ
768 4153 873 4211 νῦν
903 4148 1141 4229 τέρματ’
1174 4150 1378 4233 ἔθηκε]
1412 4153 1562 4214 κατὰ
1590 4149 1662 4213 τὸ
1693 4151 2089 4230 σιωπῶμενον

616 4248 905 4333 τέρματα]
938 4253 1238 4332 καμπτούς

442 4372 481 4437 3
488 4366 589 4437 35.
637 4349 980 4440 κλινθῆναι]
1016 4353 1320 4436 κάμφθητι
1582 4357 1730 4441 336.
1776 4353 1959 4446 τοῖιν]
1992 4362 2112 4423 τῶν
2141 4359 2344 4422 ἵππων
2373 4377 2492 4421 rec.

444 4474 595 4543 337.
643 4457 882 4540 κένσαι]
916 4461 1200 4537 κεντῆσαι
1461 4458 1621 4539 εἶξαί
1648 4486 1713 4524 τε
1744 4459 1832 4543 οἱ]
1864 4462 2172 4526 ἐπιδοῦναι
2203 4461 2357 4544 αὐτῷ

424 4606 469 4654 3.
503 4593 707 4657 δεόμενα
744 4598 765 4654 ΙΙ
801 4593 1097 4643 terminatio
1126 4609 1257 4655 τηγα
1290 4593 1485 4643 ineerta
1526 4600 1546 4653 ΙΙ
1595 4596 1671 4644 18.
1707 4592 1887 4658 ξηράνῃ
1934 4599 1955 4654 ΙΙ
2007 4606 2083 4657 19.
2117 4595 2287 4659 χρᾶτα
2316 4595 2366 4644 D
2413 4600 2434 4656 ΙΙ
2484 4611 2562 4660 25.
2597 4595 2660 4644 ἃν

355 4666 476 4709 ante
498 4657 560 4721 ἦν
583 4660 727 4710 omisi
765 4664 786 4720 11
823 4673 905 4721 3²·
939 4657 1087 4722 μήτηι
1125 4663 1145 4718 ll
1185 4672 1263 4722 34.
1300 4656 1607 4722 στηρίζονσιν
1629 4661 1840 4724 scripsi:
1875 4659 2118 4720 ἆλίεουσιν
