3298 5195
660 306 791 370 530
1462 305 1804 367 1A1AA02
1850 307 1927 368 A.
1971 301 2158 389 (11)

947 468 1350 562 ῥαθάμιγγες]
1385 476 1449 539 αἱ
1477 475 1719 557 ῥανίδες
1746 474 1885 537 A=

752 596 902 666 539.
945 579 1202 659 μίνυνθα
1230 581 1297 643 δὲ
1319 576 1539 662 χάζετο
1562 573 1805 666 δουρός]
1830 578 1968 643 οὐδὲ
1989 579 2206 661 ὀλίγον
2226 579 2293 643 δὲ
2310 577 2615 660 ὕπεχῶρει
2643 576 2728 662 τᾷ
2760 575 2980 657 δόρατι

752 698 902 767 540.
948 678 1358 770 ἐπεπωλεῖτο]
1401 684 1554 747 οὕτω
1593 682 1897 766 γράφεται
1937 686 2100 766 παρὸ
2135 685 2219 769 τῷ
2260 684 2498 769 ποιητῇ·
2540 683 2774 765 γίνεται
2804 683 2874 744 δὲ
2907 681 2980 742 ἐκ

667 793 773 853 τοῦ
802 788 973 853 πέλω
1003 792 1211 862 πωλῶ,
1245 787 1325 854 ὧς
1355 784 1603 869 στρέφω
1635 792 1898 868 οτρωφῶ

603 910 639 971 5
754 904 904 973 541.
948 884 1401 978 χερμαδίοισιν]
1433 890 1581 964 νόει,
1614 889 1710 953 ὅτι
1741 889 1872 973 εἶχε
1905 888 2108 956 ἐπάνω
2136 895 2243 955 τοῦ
2274 889 2540 972 ἅρματος
2568 889 2782 953 λίθους

755 996 903 1077 548.
947 990 1453 1080 με<σ>σαύλοιο]
1485 997 1591 1073 τῆς
1621 994 1934 1061 ἐπαύλεως

757 1112 906 1181 552.
952 1092 1252 1186 πρήσσει]
1286 1095 1669 1182 πράσ<σ>ει,
1703 1097 1869 1163 ἀνύει
1899 1096 2043 1161 A-

951 1201 1196 1285 θαμέες]
1222 1202 1303 1270 ὦς
1331 1200 1472 1281 ὀξὺς
1500 1200 1693 1280 ὀξέος,
1726 1203 1883 1266 οὕτω
1912 1203 2011 1267 καὶ
2040 1202 2231 1284 θαμὺς
2260 1200 2482 1282 θαμέος

756 1318 905 1390 555.
949 1301 1172 1394 ἠῶθεν]
1208 1305 1412 1386 ἔωθεν,
1443 1308 1661 1389 ὄρθρου
1689 1304 1832 1369 A·-

572 1434 644 1478 ιο
951 1410 1072 1474 ἀπὸ
1103 1411 1332 1494 νόσφιν
1361 1405 1514 1498 ἔβη]
1543 1409 1680 1489 ἦτοι
1709 1412 2016 1495 ἐχωρίσθη
2049 1410 2187 1473 A=
2449 1400 2742 1493 τετιηότι]
2779 1409 2978 1467 λελυ-

670 1513 912 1600 πημένφ
941 1512 1080 1577 A=
2185 1584 2191 1591 .

758 1630 907 1703 559.
953 1613 1180 1705 νωθής]
1211 1619 1396 1700 ἀργός
1424 1618 1561 1692 A÷
1835 1617 1985 1699 561.
2030 1612 2175 1705 βίη]
2211 1614 2391 1700 ἰσχύς

942 1715 1158 1809 νηπίη]
1191 1719 1457 1801 ἀσθενής
1630 1718 1781 1803 568.
1828 1716 2249 1808 τρωπάσκετο]
2282 1718 2567 1802 ἐτρέπετο
2595 1717 2734 1780 A=

759 1827 908 1909 588.
954 1820 1409 1913 ἐλελιχθέντες]
1444 1824 1924 1907 ἐπιστραφέντες
1952 1825 2093 1887 A=

573 1959 645 2019 15
955 1930 1168 2009 νηλεὲς
1198 1925 1384 2017 ἦμαρ]
1418 1928 1532 2008 *ἣν
1561 1930 1790 2009 ἆνηλεῆ
1819 1927 2045 2011 ἡμέραν

757 2044 906 2114 594.
953 2028 1186 2119 ἀντίος]
1220 2032 1370 2097 κατὰ
1401 2033 1735 2114 πρόσωπον

758 2137 908 2200 601.
956 2132 1640 2224 ίῶκα-δακρυόεσσαν]
1672 2136 1785 2216 τὴν
1815 2133 2023 2215 δίωξιν
2051 2135 2164 2216 τὴν
2193 2136 2395 2200 αίτίαν
2423 2135 2693 2216 δακρύων
2720 2132 2857 2202 Α·Ι-

759 2238 908 2303 621.
955 2235 1380 2328 ἀπεψύχοντο]
1415 2238 1735 2321 ἐξήραινον
1997 2239 2144 2324 630.
2188 2232 2488 2326 χάλκεον]
2522 2242 2562 2277 “
2581 2237 2873 2322 χάλκειον
2896 2235 2932 2262 ”

957 2344 1120 2428 ποτῷ
1167 2337 1359 2430 ὄψον]
1394 2341 1529 2423 ἤτοι
1559 2341 1810 2409 ποτικὸν
1840 2344 2024 2425 ὄψον,
2064 2342 2101 2404 ὅ
2144 2342 2278 2406 ἐστι
2323 2339 2713 2423 προσφάγιον
2751 2341 2983 2421 δίψους

571 2468 649 2509 20
674 2445 1243 2527 παρασκευαστικόν
1270 2444 1408 2507 A-

762 2547 909 2634 631.
956 2544 1256 2637 ἀλφίτου]
1287 2547 1421 2630 ἤτοι
1451 2548 1634 2631 ἄρτου
1658 2550 1797 2613 A=
2069 2549 2218 2635 639.
2264 2543 2405 2634 κνῆ]
2436 2548 2628 2631 ἔκοψε
2651 2546 2790 2612 A=

761 2654 910 2731 640.
959 2648 1203 2740 κνήστι]
1236 2652 1309 2739 τῇ
1340 2653 1610 2738 μαχαίρᾳ
1872 2651 2019 2733 642.
2066 2647 2331 2740 ἀφέτην]
2364 2649 2499 2731 ἦτοι
2530 2651 2774 2733 ἀφῆκαν

763 2756 911 2839 647.
957 2752 1276 2844 ἑτέρωθεν]
1310 2757 1377 2821 ἐκ
1407 2761 1512 2820 τοῦ
1544 2755 1751 2838 ἑτέρου
1776 2755 1992 2838 μέρους
2253 2757 2399 2840 649.
2448 2752 2513 2844 ὅ]
2546 2757 2717 2822 ὅστις

763 2858 914 2944 669.
957 2854 1359 2945 γναμπτοῖσι]
1392 2864 1518 2926 τοῖς
1548 2857 1989 2939 καμπτομένοις

573 2997 647 3056 ²5
764 2963 911 3046 673.
957 2962 1258 3045 γράφεται
1302 2961 1623 3027 “”Ηλιδι”
1674 2962 1773 3026 καὶ
1817 2967 2035 3027 δασεῖα
2081 2961 2179 3027 καὶ
2221 2961 2401 3045 ψιλή·
2449 2961 2547 3027 καὶ
2592 2964 2646 3028 εἶ
2686 2961 2803 3043 μέν
2843 2963 2984 3029 ἐστι

675 3072 912 3140 δασεῖα,
957 3067 1187 3150 γίνεται
1234 3066 1356 3131 ἀπὸ
1399 3071 1505 3129 τοῦ
1549 3066 1738 3144 ‹msa›
1783 3071 1853 3128 τὸ
1898 3067 2287 3147 συναθροίζω·
2333 3069 2652 3131 ἐτελοῦντο
2696 3066 2813 3149 γὰρ
2853 3068 2987 3132 ἐκεῖ

675 3171 750 3235 τὰ
779 3170 1090 3251 Ὀλύμπια
1136 3170 1235 3234 καὶ
1274 3169 1700 3252 συνηθροίζετο
1739 3169 1892 3236 λαὸς
1932 3170 2140 3237 πολύς·
2187 3172 2289 3234 διὰ
2326 3175 2475 3254 γοῦν
2504 3170 2574 3235 τὸ
2614 3171 2802 3249 ἀλίζω
2832 3170 2987 3254 γρά-

677 3281 859 3355 φεται
891 3279 1127 3339 δασεῖα·
1175 3274 1230 3339 ει
1260 3274 1326 3338 δὲ
1356 3272 1535 3355 ψιλή,
1569 3276 1775 3357 φαμὲν
1805 3275 1901 3339 ὅτι
1930 3272 2000 3337 τὸ
2029 3285 2068 3353 ῆ
2097 3279 2215 3357 πρὸ
2245 3279 2351 3339 τοῦ
2373 3260 2424 3336 3.
2453 3280 2749 3357 ψιλοῦωι

764 3379 911 3460 679.
961 3375 1295 3466 συβόσεια]
1328 3381 1745 3462 χοιροφόρβια
2003 3375 2265 3467 πλατέα]
2302 3377 2546 3464 μεγάλα

574 3519 652 3576 30
763 3481 913 3561 684.
958 3477 1134 3569 τύχε]
1170 3481 1495 3564 κατέτυχεν

764 3585 910 3665 685.
959 3584 1204 3668 κήρυκες
1248 3583 1303 3649 δ’
1348 3582 1688 3673 ἐλίγαινον]
1738 3587 1797 3649 οἱ
1843 3590 1964 3652 τῶν
2009 3586 2261 3650 Πυλίων
2305 3583 2553 3669 κήρυκες
2604 3584 2790 3665 ὀξέως
2835 3589 2985 3652 ἐπε-

677 3694 972 3755 καλοῦντο
1030 3688 1293 3762 τούτους,
1339 3689 1432 3756 οἶς
1482 3689 1892 3771 ὀφειλόμενον
1943 3688 2017 3770 ἦν
2069 3691 2137 3753 ἐν
2188 3692 2261 3776 τῇ
2301 3688 2536 3769 Ἤλιδι,
2588 3694 2850 3772 δραμεῖν,
2900 3690 2988 3758 ὥς

677 3790 1204 3876 ἀφαρπασθέντων
1235 3791 1429 3857 αὐτῶν
1459 3797 1578 3859 τῶν
1608 3792 1964 3876 θρεμμάτων
1992 3801 2111 3856 τεά.

768 3895 915 3959 686.
960 3890 1125 3980 ἴμεν]
1161 3895 1525 3977 πορεύεσθαι
1787 3896 1934 3961 688.
1978 3892 2248 3985 Ἐπειοί]
2283 3898 2342 3960 οἱ
2373 3894 2617 3962 Ἠλεῖοι
2646 3895 2780 3966 Α-Ι-

575 4040 651 4098 35
767 3999 913 4082 694.
959 3993 1159 4086 ταῦθ’]
1192 3996 1292 4063 διά

771 4115 915 4184 704.
961 4102 1201 4167 ἄσπετα
1232 4099 1469 4190 πολλά]
1503 4103 1571 4168 ἐκ
1607 4102 2013 4185 παραλλήλου
2040 4104 2110 4169 τὸ
2140 4105 2291 4169 αὐτό

770 4217 915 4288 705.
960 4201 1404 4294 ἀτεμβόμενος]
1444 4208 1912 4289 οτερισκόμενος
1933 4207 2073 4270 A:
2344 4203 2515 4296 ἴσης]
2549 4209 2719 4288 τιμῆς

770 4323 914 4392 711.
960 4306 1198 4396 αἰπεῖα]
1230 4307 1444 4391 ὑψηλή
1711 4326 1854 4391 720.
1898 4310 2299 4395 μετέπρεπον]
2329 4311 2663 4394 ἐνέπρεπον

770 4426 916 4498 723.
960 4409 1249 4501 Ἀρήνης]
1283 4416 1388 4492 τῆς
1424 4414 1663 4479 πόλεως
1691 4417 1798 4493 τῆς
1829 4413 2042 4480 Πύλου
2071 4414 2209 4478 Α·--

746 4561 790 4608 3.
822 4545 951 4595 οὕτω
971 4562 1073 4596 non
1094 4553 1288 4596 eertum
1324 4552 1347 4607 ss
1383 4561 1427 4609 5.
1449 4545 1658 4608 ἅρματος
1679 4549 1776 4600 W:
1811 4547 2008 4610 αἵματος
2032 4555 2053 4609 n
2093 4564 2168 4614 25.
2193 4548 2431 4614 γράφεται
2449 4549 2612 4602 Ἤλιδι
2636 4552 2840 4618 sou-ipsit
2880 4552 2990 4602 iae'*

679 4611 1151 4674 10851132·³9⁰u‘fv
1171 4612 1224 4660 ⁸⁹
1245 4609 1308 4675 ’ᾗ
1332 4611 1492 4659 Ἤλιδι
