3298 5195
1100 343 1440 405 IAIAA02
1484 346 1557 404 Λ.
1603 338 1790 427 (11)
2465 339 2595 402 529

381 513 524 578 216.
572 510 860 602 ἀρτύνθη]
893 511 1357 596 παρεσκευάσθη
1538 511 1685 577 218.
1731 507 1982 599 ἔσπετε]
2016 512 2215 576 εἴπετε

382 632 526 702 219.
574 619 641 685 ὅς
664 644 755 686 τις
784 614 887 708 δή]
920 620 1012 686 τίς
1040 616 1114 699 δή

378 737 523 787 221.
568 717 1022 809 Ἀντηνορίδης]
1057 722 1091 785 ὅ
1121 719 1250 787 υἱὸς
1279 725 1385 784 τοῦ
1415 718 1775 803 Ἀντήνορος

380 840 527 911 223.
574 821 840 914 Κισσῆς]
875 826 909 888 ὁ
938 846 1059 890 ree.

379 944 524 1006 224.
567 925 996 1015 μητροπάτωρ]
1027 925 1326 1010 μητρόθεν
1354 905 1603 994 πάππος
1634 926 1817 991 αὐτοῦ
1845 924 1983 988 A:
2622 941 2658 1003 5

378 1048 523 1113 249.
568 1027 1019 1119 πρεσβυγενῆς]
1050 1031 1396 1114 γεραίτερος
1424 1032 1541 1113 γὰρ
1572 1031 1744 1097 οὗτος
1782 1029 1857 1115 ἦν

378 1147 522 1216 251.
572 1131 784 1223 εὖράξ]
839 1132 1114 1217 πλευράξ
1161 1142 1357 1217 φησιν
1401 1131 1493 1213 ἦν,
1536 1132 1671 1213 ἤτοι
1724 1136 1791 1198 ἐκ
1836 1133 2119 1217 πλαγίου,
2167 1129 2596 1215 ἀμφοτέρωθεν

107 1276 114 1343 Ι
284 1242 407 1302 τῶν
437 1243 732 1320 πλευρῶν·
778 1235 1105 1320 ἀφαιρέσει
1133 1243 1283 1321 γοῦν
1312 1242 1417 1302 τοῦ
1447 1236 1493 1303 ‘Tr
1523 1236 1622 1303 καὶ
1651 1224 1695 1302 λ
1724 1236 1969 1321 ἐγένετο
2001 1248 2041 1273 “
2068 1234 2300 1320 εὗράξ”
2336 1235 2474 1299 A—

376 1356 523 1424 297.
567 1338 845 1428 ὖπεραέι]
879 1341 1222 1429 ἐμπνεούσῃ
1486 1353 1633 1426 307.
1680 1337 1892 1429 τρόφι]
1927 1341 2226 1423 τρόφιμον

374 1463 522 1529 324.
573 1441 918 1533 κυδοίμεον]
946 1444 1426 1527 ἐθορύβουνΑ-ι·
1567 1464 1716 1529 349.
1749 1441 1979 1531 προΐει]
2008 1445 2159 1509 κατὰ
2183 1447 2288 1508 τοῦ
2302 1441 2594 1524 Ἕκτορος
2628 1463 2701 1505 10

372 1560 522 1634 350.
572 1544 1027 1636 τιτυσκόμενος]
1060 1548 1656 1633 καταστοχαζόμενος
1683 1546 1747 1609 Α
1761 1574 1825 1602 =

375 1664 522 1738 353.
570 1653 924 1738 τρίπτυχος]
955 1657 1115 1734 τρεῖς
1146 1652 1379 1737 πτύχας
1408 1651 1645 1735 ἔχουσα

371 1764 516 1836 354.
567 1748 936 1840 ἀπέλεθρον]
968 1751 1212 1831 πολλὴν
1238 1755 1357 1835 γῆν
1570 1751 1719 1836 360.
1766 1747 2058 1839 ἐξέλασε]
2094 1747 2419 1833 ἐξέδραμεν

370 1868 518 1940 374.
572 1850 808 1943 αἴνυτο]
843 1858 1136 1942 ἀφῃρεῖτο
1164 1854 1305 1918 A:

372 1971 522 2044 377.
571 1963 797 2040 ταρσὸν
811 1954 1102 2046 -ποδός]
1135 1957 1204 2022 τὸ
1235 1956 1436 2023 πλατὺ
1465 1961 1569 2022 τοῦ
1600 1958 1786 2024 ποδός
1813 1956 1953 2019 Α--·
2627 1973 2699 2031 15

568 2063 670 2126 διὰ
698 2059 750 2126 δ’
783 2057 1076 2148 ἀμπερές]
1111 2061 1371 2127 διελθών

375 2166 523 2251 387.
562 2165 823 2249 ταρφέες
855 2160 970 2253 loc]
1003 2167 1233 2243 πυκνοί,
1264 2169 1541 2248 συνεχεῖς
1571 2184 1692 2229 rec.

372 2287 527 2358 393.
575 2273 681 2334 τοῦ
712 2264 807 2357 δέ]
843 2268 1072 2348 τούτου,
1097 2269 1165 2333 οὗ
1193 2275 1264 2333 τὸ
1292 2267 1485 2350 βέλος
1512 2294 1627 2349 μου
1661 2267 1889 2356 ἐπαύρῃ
1918 2287 2041 2333 ree.

569 2369 976 2461 ἀμφίδρυφοι]
1015 2369 1328 2455 ἐξεσμένοι
1367 2370 1799 2455 ἀμφοτέρωθεν

372 2489 520 2561 395.
568 2472 807 2564 οἰωνοί]
840 2478 1020 2559 ὄρνεα
1279 2496 1429 2555 410.
1472 2475 1515 2557 ἦ
1544 2477 1641 2560 τε]
1675 2476 1787 2542 κᾶν
1815 2501 1883 2542 τε
2624 2498 2700 2543 20

370 2600 523 2666 413.
568 2574 793 2669 ἔλσαν]
828 2580 1236 2648 συνέκλεισαν
1265 2580 1741 2648 συνεκέκλεισαν
1762 2579 1825 2644 Α
1842 2596 1895 2651 -Ι-

368 2694 521 2765 415.
571 2680 892 2772 ξυλόχοιο]
926 2682 1228 2762 ξυλῶδους
1445 2683 1596 2763 416.
1639 2680 1983 2773 γναπτῇσι]
2019 2685 2386 2766 ἐπικαμπέσι
2416 2685 2554 2749 A=

371 2802 523 2871 417.
573 2782 761 2876 ἆμφί]
797 2787 978 2852 αὐτόν
1239 2784 1498 2874 κόμπος]
1533 2788 1755 2854 κτύπος

370 2908 521 2977 423.
571 2890 701 2955 καθ’
726 2892 930 2955 ἵππων
962 2886 1245 2979 ἀίξαντα]
1278 2892 1345 2955 ἐκ
1375 2896 1497 2956 τῶν
1526 2892 1731 2956 ἵππων
1763 2890 2277 2972 καταπηδήσαντα

370 3013 521 3082 430.
569 2989 889 3082 πολύαινε]
922 2995 1228 3079 μυθολόγε
1260 2995 1358 3059 καὶ
1388 2993 1626 3077 φλυαρέ
1655 2993 1789 3064 Α-Ι-
2625 3019 2711 3077 25

565 3093 702 3187 ἆτε]
737 3099 1030 3181 ἀκόρεστε
1288 3117 1441 3184 431.
1488 3094 1799 3186 ἐπεύξεαι]
1836 3098 2114 3186 καυχήσῃ

569 3198 1007 3291 Ἱππασίδῃσι]
1041 3207 1167 3271 τοῖς
1196 3201 1414 3272 παισὶν
1442 3202 1747 3269 Ἱππάσου

369 3304 522 3392 438.
570 3303 819 3395 ἔγκασι]
853 3305 1259 3392 ἐ<γ>κάτοισι

368 3423 518 3496 453.
565 3406 1035 3498 καθαιρήσουσι]
1070 3412 1574 3495 κατακαλύψουσι
1748 3423 1898 3492 457.
1944 3407 2160 3500 χροός]
2192 3415 2299 3475 τοῦ
2334 3413 2490 3477 ίδίου

376 3527 528 3596 477.
574 3514 797 3601 ὀρώρῃ]
832 3514 1018 3601 ἰσχύῃ
1050 3518 1285 3594 κινῆται
1305 3514 1442 3577 Α-
1716 3515 1866 3594 480.
1911 3510 2043 3600 λῖν]
2075 3516 2296 3580 λέοντα
2620 3543 2701 3600 30

567 3620 690 3682 ἔδει
746 3620 861 3697 μὲν
919 3615 1182 3700 γράφειν
1243 3616 1715 3699 περισπωμένως
1761 3618 1831 3683 τὸ
1886 3625 1923 3653 “
1942 3617 2099 3696 λῖν,”
2154 3618 2235 3686 ὦς
2290 3623 2403 3699 μῦς
2458 3623 2591 3700 μῦν,

282 3718 672 3807 Ἀριστάρχῳ
704 3721 771 3785 δὲ
804 3721 1059 3799 ἐπείσθη
1089 3719 1128 3800 ἦ
1162 3719 1496 3803 παράδοσις
1524 3719 1800 3800 ὀξύνοντι
1828 3720 1968 3791 Α-Ι-

369 3825 516 3907 484.
566 3825 779 3906 νηλεὲς
810 3819 999 3913 ἦμαρ]
1032 3824 1137 3890 τὸν
1167 3823 1428 3891 θάνατον

368 3947 519 4013 493.
565 3925 966 4018 ὀπαζόμενος]
1001 3930 1414 4013 ἐπειγόμενος,
1445 3926 1552 4011 ἀφ’
1585 3929 1658 3993 οὗ
1687 3928 2104 4011 πληρούμενος
2124 3929 2258 4001 Α-Ι-

371 4042 521 4114 495.
568 4029 949 4122 ἀφυσγετόν]
983 4035 1305 4117 συρφετόν,
1338 4032 1716 4117 ἀκαθαρσίαν
1745 4054 1864 4099 rec.
1895 4033 2031 4108 Α-Ι-
2619 4062 2653 4120 3
2661 4061 2696 4120 5

370 4148 520 4212 500·
566 4130 723 4219 βοή]
756 4134 990 4219 τῡῑιῦῦική

370 4248 518 4314 522·
555 4231 808 4316 Ἕκτορι
839 4236 1243 4329 παρβεβαώς]
1275 4240 1544 4327 ἦνιοχων
1572 4241 1736 4326 παρὰ
1766 4244 1849 4328 τῷ
1871 4239 2123 4326 Ἕκτορι

371 4349 519 4423 525.
567 4333 806 4425 ἐπιμίξ]
843 4340 1307 4425 ἀναμεμιγμένοι
1337 4343 1477 4406 A=
1714 4359 1864 4430 532.
1910 4345 2164 4432 λιγυρῇ]
2193 4347 2264 4425 τῇ
2295 4293 2589 4432 ὀξυφόνῳ

370 4452 519 4527 535.
566 4437 955 4530 πεπάλακτο]
989 4443 1326 4526 ἐβέβρεκτο
1588 4450 1738 4533 536.
1786 4447 2060 4530 ὁπλέων]
2090 4447 2327 4531 ὀνύχων
2352 4447 2492 4510 Α.-·

72 4693 92 4754 ἱ

283 4586 415 4691 5.
431 4571 791 4638 mrpbOcvW:
827 4572 1119 4639 μητρὸςῦΙΙ
1173 4572 1248 4626 16.
1284 4573 1490 4627 διὐδλο
1461 4579 1768 4642 νιεΑΡτοδ
1727 4575 1958 4637 “nob-vn
1997 4575 2074 4626 6.
2107 4575 2187 4625 ἅτ’
2239 4579 2260 4635 ΙΙ
2315 4576 2589 4640 aalma

315 4639 486 4691 ινεῖται
538 4639 993 4707 1139.ἐβέβρυκτο

373 4722 632 4772 votnvl.
1367 4724 1417 4768 Μ
1449 4728 1514 4769 m
