3298 5195
656 329 785 392 518
1483 334 1829 397 ιΛιΑΔοΣ
1878 338 1956 399 n.
2002 330 2138 423 (7)

749 517 891 564 100.
936 497 1105 590 αὖθι]
1137 500 1346 566 αὐτόθι
1628 499 1897 592 ἀκήριοι]
1930 504 2166 588 ἃψυχοι

935 602 1185 673 ἀκλεέες
1214 604 1305 685 ἦν,
1337 605 1437 670 καὶ
1472 605 1707 694 ἐκβολῇ
1737 610 1843 672 τοῦ
1872 609 1906 673 ἔ
1945 607 2189 691 ἐγένετο
2234 614 2267 643 “
2286 606 2568 675 ἀκλεές·”
2614 606 2654 690 ἢ
2697 610 2969 690 ἀκλεεῖς,

655 708 754 772 καὶ
781 707 1014 796 ἐκβολῇ
1045 713 1150 773 τοῦ
1177 710 1206 773 ἶ
1237 715 1272 745 “
1291 709 1508 777 ἀκλεές
1524 709 1562 735 ”

748 810 890 876 108.
936 811 1237 895 δεξιτερῆς
1264 812 1371 879 ἕλε
1399 808 1635 902 χειρός]
1669 815 1756 882 είς
1785 813 2016 882 πλάτος
2046 814 2264 896 ὁμίλει

590 926 626 988 5
751 914 892 981 128.
938 912 1184 1004 γενεήν]
1218 916 1479 997 πατέρας
1741 913 1949 1006 τόκον]
1983 923 2202 986 παῖδας

750 1039 892 1106 133.
941 1015 1306 1107 Κελάδοντι]
1339 1017 1377 1098 ἢ
1409 1022 1510 1083 διὰ
1538 1019 1646 1085 τὸν
1675 1019 1830 1105 ἦχον
1860 1027 1967 1086 τοῦ
1993 1022 2285 1105 ῥεύματος
2313 1021 2394 1086 ad
2423 1044 2519 1108 pr.
2549 1020 2694 1088 add.
2728 1044 2863 1097 see.

748 1123 891 1208 138.
941 1119 1391 1212 <κορυνήτην>]
1456 1125 1671 1211 κορύνῃ
1720 1124 1856 1203 ἤτοι
1907 1125 2118 1211 ῥάβδῳ
2168 1126 2536 1210 μαχόμενον.
2613 1127 2829 1209 κορύνη
2894 1126 2969 1193 δέ

655 1230 789 1292 ἐστι
816 1228 1092 1311 ῥόπαλον
1121 1224 1481 1308 ἀμυντήριον
1511 1228 1915 1310 ἑτερορρεπές,
1936 1227 2009 1308 ἐξ
2034 1229 2169 1296 ἑνὸς
2197 1228 2415 1312 μέρους
2448 1230 2650 1314 ῥοπὴν
2683 1230 2832 1314 ἔχον
2862 1232 2965 1296 καὶ

652 1329 848 1413 βάρος

553 1454 633 1498 10
752 1436 895 1517 156.
938 1431 1186 1519 λέγεται
1213 1431 1612 1517 “παρήορος”
1646 1435 1745 1500 καὶ
1780 1435 1900 1520 (ὁ)
1936 1436 2417 1520 παρεζευγμένος
2446 1436 2618 1505 ἐκτὸς
2646 1442 2753 1502 τοῦ
2784 1438 2964 1521 ζυγοῦ

654 1542 840 1607 ἵππος
870 1536 970 1604 καὶ
999 1540 1033 1602 ὁ
1063 1538 1277 1622 ἄφρων
1307 1543 1433 1609 A÷

747 1643 895 1707 168.
938 1637 1464 1730 Ἀνδραιμονίδης]
1493 1640 1622 1709 υἱὸς
1654 1639 2084 1724 Ἀνδραίμονος

748 1758 891 1827 171.
936 1741 1288 1834 διαμπερές]
1320 1743 1593 1828 ἀντικρὺς
1623 1747 1724 1811 καὶ
1753 1752 2031 1829 φανερῶς

748 1864 891 1935 197.
935 1845 1161 1937 δίηται]
1195 1847 1558 1931 ἐκφοβῆσει,
1588 1847 1793 1929 διάξει

553 1974 630 2036 15
746 1954 893 2019 206.
939 1949 1196 2040 νῶροπι]
1229 1955 1297 2017 ἐκ
1332 1954 1439 2017 τοῦ
1470 1954 1542 2036 ιΤη
1575 1953 1925 2036 στερητικοῦ
1954 1953 2167 2036 μορίου
2212 1953 2308 2018 καὶ
2336 1954 2445 2019 τοῦ
2478 1956 2597 2037 dp&
2628 1954 2698 2019 τὸ
2725 1953 2966 2035 βλέπω,

654 2058 937 2137 δηλονότι
967 2063 1048 2143 τῷ
1080 2056 1588 2144 περιλάμπ<ρ>ῳ,
1621 2057 1702 2144 τῷ
1735 2059 1842 2121 τοῦ
1872 2058 2020 2138 ὁρᾶν
2049 2056 2435 2140 στερίσκοντι

745 2162 892 2228 216.
936 2157 1284 2249 πάτασσεν]
1319 2164 1387 2227 ἐν
1412 2161 1635 2247 παλμῷ
1670 2160 1765 2226 καὶ
1796 2159 2032 2240 κινήσει
2062 2158 2138 2241 ἦν

746 2282 891 2331 221.
937 2259 1086 2352 ὕλῃ]
1123 2263 1454 2351 συνδένδρῳ
1719 2265 1866 2329 226.
1905 2265 2114 2329 οἰόθεν
2142 2258 2301 2352 οἶος]
2330 2264 2514 2345 μόνος
2551 2268 2702 2348 πρὸς
2729 2265 2922 2346 μόνον

746 2383 895 2453 235.
939 2364 1241 2456 ἀφαυροῦ]
1283 2369 1576 2435 ἀσθενοῦς

556 2495 634 2538 20
748 2490 894 2551 241.
939 2467 1187 2559 σταδίῃ]
1220 2469 1355 2551 ἤτοι
1383 2475 1455 2559 τῇ
1493 2470 1803 2551 συστάδην
1830 2470 2000 2556 μάχῃ

746 2587 892 2659 254.
939 2569 1220 2662 ἐκλίνθη]
1254 2573 1523 2655 ἐξέκλινε
1552 2575 1704 2658 πρὸς
1733 2576 1948 2642 ἑαυτόν
2155 2630 2167 2640 .
2208 2570 2498 2664 ἀλεύατο]
2533 2574 2832 2660 ἐξέφυγεν

746 2679 892 2746 262.
933 2675 1196 2768 τμήδην]
1228 2684 1526 2760 τμητικὸς

747 2786 892 2869 298.
943 2779 1269 2872 <ἀγῶνα>]
1301 2782 1410 2849 τὸν
1439 2783 1586 2851 ναὸν
1615 2783 1920 2863 δηλονότι·
1957 2782 2203 2866 λέγεται
2234 2783 2299 2848 δὲ
2329 2783 2427 2848 καὶ
2456 2783 2560 2848 ἐπὶ
2588 2784 2795 2860 τόπου,
2826 2782 2899 2847 οὗ
2930 2785 2970 2846 ὁ

656 2888 822 2973 ἀγόν
853 2893 902 2951 Β
924 2919 965 2938 ⁶-

549 3004 632 3068 25
744 3006 894 3077 315.
940 2989 1199 3081 ἄρσενα]
1234 2994 1334 3056 διὰ
1361 2990 1432 3056 τὸ
1462 2993 1719 3057 δυνατόν

941 3090 1375 3183 πενταέτηρον]
1406 3095 1507 3160 διὰ
1537 3101 1607 3160 τὸ
1639 3094 1979 3179 παχύτερον

745 3218 896 3284 330.
939 3194 1109 3287 ὀξύς]
1141 3197 1241 3264 διὰ
1270 3198 1337 3262 τὸ
1371 3198 1471 3264 διὰ
1500 3202 1641 3278 μιᾶς
1671 3200 1828 3281 ὥρας
1856 3198 2128 3265 πολλοὺς
2159 3195 2512 3281 σφαγιάσαι

744 3303 894 3388 336.
941 3303 1099 3384 ἀμφὶ
1128 3297 1348 3389 πυρήν]
1383 3301 1503 3366 ἀπὸ
1532 3304 1640 3382 τῆς
1669 3304 1861 3382 πυρᾶς
2122 3297 2256 3389 ἕνα]
2292 3301 2421 3366 καθ’
2454 3299 2564 3366 ἕνα

746 3420 892 3492 353.
939 3406 1183 3488 ὤφελεν
1204 3407 1398 3471 εἰπεῖν
1421 3414 1440 3442 ‘
1460 3405 1568 3470 ἐὰν
1595 3405 1679 3486 μὴ
1708 3403 1973 3487 ῥέζωμεν
1991 3401 2006 3426 ’
2035 3406 2134 3469 καὶ
2165 3405 2338 3472 εἶπεν
2364 3410 2381 3440 ‘
2403 3406 2504 3471 ἵνα
2529 3403 2613 3485 μὴ
2642 3402 2968 3487 ῥέξωμεν·’

557 3531 635 3588 30
660 3511 856 3592 ἔλαβε
885 3513 953 3575 δὲ
984 3509 1325 3590 σύνδεσμον
1354 3507 1489 3574 ἀντὶ
1520 3506 1862 3588 συνδέσμου

744 3616 892 3701 366.
939 3607 1613 3700 θεόφιν-ἀτάλαντος]
1645 3616 1774 3679 τοῖς
1804 3615 1966 3678 θεοῖς
1997 3612 2134 3678 ἴσος

743 3720 892 3805 380.
936 3710 1290 3802 τελέεσσιν]
1323 3720 1450 3782 τοῖς
1478 3714 1786 3800 τάγμασιν

742 3840 894 3909 390.
939 3815 1050 3909 ὣς]
1081 3824 1117 3854 “
1135 3816 1257 3886 ὅς.”
1304 3819 1358 3903 δ.
1389 3820 1565 3884 τοῦτο
1599 3814 1730 3884 καθ’
1761 3815 1942 3885 αὑτὸν
1972 3817 2217 3897 νοητέον
2250 3819 2443 3883 εἰπεῖν
2473 3817 2579 3883 τὸν
2607 3816 2833 3884 Ἰδαῖον

743 3925 893 4004 416.
940 3918 1222 4010 ἀπέειπε]
1255 3920 1460 4001 ἐξεῖπε
1718 3923 1873 4002 418.
1916 3918 2101 4009 ὕλην]
2131 3919 2266 4002 ἤτοι
2297 3920 2684 4006 ξυλαγωγίαν

558 4045 632 4105 35
744 4046 894 4113 433.
939 4022 1063 4090 οὔτ’
1093 4025 1168 4108 ἀρ
1193 4021 1316 4114 πω]
1351 4025 1587 4092 οὐδέπω

742 4147 894 4214 447.
942 4125 1175 4218 ἐνίψει]
1209 4130 1423 4213 κυρίως
1450 4132 1563 4210 μὲν
1593 4126 1940 4209 ἐπιπλήξει,
1971 4129 2079 4193 νῦν
2108 4129 2176 4193 δὲ
2207 4126 2346 4194 ἀντὶ
2374 4128 2480 4195 τοῦ
2513 4131 2639 4211 ἐρεῖ
2665 4126 2834 4207 λέξει

743 4237 893 4322 463.
939 4228 1380 4320 ἀμαλδύνηται]
1413 4232 1778 4315 ἀφανίζηται
2035 4228 2185 4313 478.
2233 4227 2422 4320 σφίν]
2453 4236 2582 4299 τοῖς
2602 4229 2924 4311 Ἕλλησιν

1081 4437 1159 4490 16.
1196 4435 1276 4487 καὶ
1298 4441 1418 4486 ante
1441 4452 1491 4488 π.
1513 4435 1679 4485 delevi
1715 4440 1737 4497 ΙΙ
1777 4449 1853 4489 20.
1886 4434 2012 4485 nard
2031 4439 2152 4487 ante
2174 4450 2317 4485 συστ.
2342 4436 2440 4487 del.
2466 4435 2534 4485 W
