3298 5195
631 332 763 397 526
1441 332 1782 392 ιΛιΑΔοΣ
1831 331 1902 392 K.
1947 324 1975 414 (
2003 329 2084 390 10
2108 324 2132 412 )

725 515 874 584 207·
917 501 1142 588 φῆμιν]
1174 499 1476 585 γράφεται
1519 500 1619 565 καὶ
1647 502 1901 583 “affluas
1921 496 1956 523 ”
1990 499 2091 563 καὶ
2122 493 2461 579 “φῆμην·”
2496 494 2594 559 καὶ
2624 491 2800 576 φήμη
2830 490 2953 573 μέν

637 608 809 674 ἐστιν
851 607 885 671 δ
922 610 1083 673 θεῖος
1123 605 1330 689 λόγος,
1365 607 1555 687 φῆμις
1597 604 1666 669 δὲ
1697 605 1732 667 ό
1760 601 1899 686 παρ’
1930 601 2076 684 ἡμῖν
2103 600 2438 684 λεγόμενος
2465 598 2674 681 λόγος.
2720 594 2793 660 δν
2826 594 2952 675 ἄρα

635 708 1084 794 ἐπιφημίξομεν
1114 710 1211 775 καὶ
1241 706 1601 790 λαλήσομεν

728 832 875 882 212.
921 808 1223 902 ἀσκηθής]
1256 809 1550 894 ἀβλαβής
1580 816 1710 882 Α·Ι-

571 936 610 998 5
729 919 873 984 216.
919 918 992 1006 τῇ
1031 919 1147 999 μὲν
1188 915 1394 999 κτέρας
1433 916 1608 981 οὐδὲν
1640 910 1882 1004 ὅμοιον]
1930 910 1967 996 ᾗ
2011 914 2187 979 οὐδὲν
2218 915 2411 992 κτῆμα
2451 911 2665 991 ὅμοιον
2692 909 2794 972 διὰ
2833 906 2948 985 τὴν

637 1021 860 1106 πρᾶξιν

925 1131 1123 1193 καλῶς
1155 1125 1224 1190 τὸ
1257 1132 1294 1162 “
1316 1121 1713 1207 ὑπόρρηνον,”
1745 1124 1847 1190 ἵνα
1877 1122 1977 1187 καὶ
2006 1121 2119 1201 τὴν
2147 1120 2403 1202 πορείαν
2432 1118 2737 1203 ἔγκαρπον
2767 1112 2943 1192 ποιή-

639 1255 871 1295 σωνται
898 1235 1027 1301 Α-Ι-
2015 1262 2028 1273 ·

730 1350 881 1420 223.
928 1327 1250 1421 θαλπωρή]
1281 1330 1467 1412 ἡδονή
1498 1335 1628 1402 A÷

540 1465 615 1505 10
731 1437 878 1503 226.
922 1434 1249 1519 βράσσων]
1282 1436 1686 1521 βραχύτερος,
1711 1429 2079 1513 ἐλάσσων,ἢ
2102 1431 2563 1514 ταρασσόμενος
2592 1425 2692 1493 καὶ
2722 1427 2947 1491 ἀκατα-

642 1546 883 1608 στατᾶἰν
906 1545 1327 1623 μεταφορικοῖς
1354 1544 1410 1604 Α
1427 1554 1484 1611 -Ι-

919 1643 1146 1728 λεπτή]
1176 1643 1439 1724 ἀσθενής
1612 1640 1760 1729 238.
1805 1635 2145 1729 ὀπάσσεαι]
2179 1635 2500 1724 προλάβῃς

729 1763 877 1835 251.
920 1748 1157 1834 ἄνεται]
1192 1749 1434 1815 ἀνύεται
1464 1753 1592 1819 Α-ι-

732 1864 880 1936 252.
925 1851 1311 1937 προβέβηκε]
1341 1851 1804 1936 προκεχόρηκεν
1832 1851 1919 1917 εἰς
1948 1847 2124 1915 δύσιν

542 1984 615 2040 15
733 1956 877 2041 258.
921 1950 1233 2045 ταυρείην]
1267 1956 1626 2038 δερματίνην
1657 1959 1787 2018 Α--

924 2055 1337 2146 ἆλ<λ>οφον]
1367 2058 1450 2140 μὴ
1481 2058 1749 2142 ἔχουσαν
1776 2054 2292 2156 Εομετόπ<ι>ον
2327 2057 2454 2124 Α-Ι-

926 2157 1242 2249 καταῖτυξ]
1275 2158 1474 2227 πάντα
1501 2163 1579 2225 τὸ
1608 2162 1697 2228 είς
1729 2160 1888 2244 <υξ>
1924 2159 2340 2226 συστέλλουσι
2375 2157 2444 2222 τὸ
2473 2158 2510 2221 ὖ
2544 2161 2599 2220 Α
2616 2169 2672 2226 -Ι-

732 2266 881 2349 265.
927 2269 1109 2333 πῖλος
1139 2260 1374 2353 ἀρήρει]
1407 2264 1479 2329 τὸ
1508 2263 1925 2345 πεπιλημένον
1954 2264 2119 2348 ἔριον
2149 2261 2411 2330 ἐνέκειτο
2444 2265 2573 2324 A—

733 2370 883 2451 267.
927 2366 1204 2452 ἐξέλετο]
1233 2368 1527 2451 ἀφείλετο

539 2505 618 2547 20
734 2486 882 2555 277.
927 2470 1139 2555 ὄρνιθά
1185 2478 1348 2554 φασι
1396 2471 1495 2536 καὶ
1541 2470 1651 2537 τὸν
1698 2472 1884 2552 ὄρνιν,
1930 2468 2090 2553 φασὶ
2147 2473 2216 2535 δὲ
2269 2467 2366 2534 καὶ
2417 2468 2488 2533 τὸ
2540 2467 2795 2547 σημεῖον
2846 2468 2955 2527 τοῦ

640 2574 998 2658 μέλλοντος.
1057 2579 1174 2642 ὧδε
1201 2579 1351 2660 γοῦν
1378 2574 1450 2640 τὸ
1480 2579 1736 2657 σημεῖον
1763 2580 1869 2641 τοῦ
1896 2573 2235 2658 μέλλοντος
2264 2574 2540 2657 ὀφείλεις
2570 2574 2734 2637 νοεῖν

732 2681 881 2763 285.
926 2675 1140 2769 σπεῖο]
1172 2679 1338 2758 ἕπου,
1368 2679 1906 2762 συνακολούθησον
1930 2679 2074 2743 Α-

733 2783 882 2852 286.
931 2784 1048 2866 πρὸ
1075 2779 1375 2872 Ἀχαιῶν]
1408 2784 1525 2866 πρὸ
1552 2790 1674 2850 τῶν
1700 2789 1939 2850 λοιπόν
1963 2781 2290 2863 Ἑλλήνων

734 2906 882 2973 292.
926 2885 1091 2971 ἥνιν]
1122 2889 1518 2953 ἐνιαυσιαίαν·
1564 2889 1701 2955 έτος
1728 2887 1846 2970 γὰρ
1875 2888 1909 2950 ὁ
1939 2887 2211 2953 ἐνιαυτός
2247 2891 2377 2950 Α-

504 3049 510 3055 .
542 3025 617 3084 25
732 2993 879 3078 306.
925 2993 989 3056 οἵ
1017 3017 1121 3058 κεν
1149 2987 1546 3079 ἀριστεύωσι]
1573 2989 1976 3070 Ἑλληνικοὺς
1998 2992 2282 3070 δηλονότι

733 3108 882 3181 317.
926 3089 1177 3181 μοῦνος]
1209 3094 1536 3177 τηλύγετος
1799 3112 1946 3179 324.
1991 3090 2193 3183 ἅλιος]
2224 3093 2479 3175 μάταιος

735 3209 885 3285 325.
929 3193 1166 3286 τόφρα]
1191 3197 1306 3265 ἕως
1339 3196 1640 3281 (τούτου)
1908 3193 2260 3286 διαμπερές]
2288 3195 2462 3281 μέχρι
2494 3195 2711 3264 τέλους

736 3312 885 3387 335.
935 3303 1176 3380 κτιδέην
1204 3294 1449 3390 κυνέην]
1481 3301 1594 3381 τὴν
1624 3298 1698 3380 ἐξ
1725 3301 1947 3367 ἰκτίδος
1992 3299 2278 3383 δέρματος
2316 3300 2743 3381 πεποιημένην.
2805 3299 2960 3367 ἱκτὶς

648 3404 716 3469 δὲ
762 3404 915 3490 ζῷον
957 3404 1368 3488 ὄρνιθοφάγον
1411 3403 1513 3469 καὶ
1556 3409 1917 3487 πανοῦργον,
1960 3405 2167 3485 μεῖζον
2208 3409 2324 3486 μὲν
2367 3406 2581 3488 γαλῆς,
2632 3403 2957 3486 παραπλή-

545 3550 624 3606 30
649 3532 791 3573 σιον
818 3511 888 3574 δὲ
917 3509 1016 3574 καὶ
1046 3508 1379 3590 δασύτερον
1406 3512 1461 3571 Α
1481 3522 1535 3579 4-

739 3624 888 3699 350.
920 3607 1322 3701 ἀφραδίῃσιν]
1356 3609 1591 3679 ἀνοίαις
1608 3617 1742 3676 Α·--
1923 3629 2072 3696 351.
2105 3612 2277 3698 οὖρα]
2309 3612 2464 3694 ὅρια,
2484 3610 2797 3695 όρμήματα
2814 3616 2949 3675 A:

740 3728 891 3803 357.
939 3710 1320 3806 δουρηνεκές]
1353 3715 1603 3798 δόρατος
1630 3714 1852 3798 βολήν,
1881 3717 2132 3795 δόρατος
2157 3720 2343 3796 μῆκος
2375 3720 2505 3777 A=

739 3820 889 3907 361.
935 3813 1194 3907 κεμάδα]
1228 3821 1497 3903 νεογνόν,
1527 3820 1740 3886 τέκνον
1770 3819 2009 3902 ἐλάφου
2181 3818 2527 3904 ἐπείγετον]
2548 3819 2870 3884 διώκουσιν

741 3924 890 4008 362.
932 3918 1241 4010 μεμηκῶς]
1272 3925 1419 3988 ποιὰ
1447 3924 1622 4006 φωνὴ
1654 3930 1776 3991 τῶν
1802 3924 2062 4006 λαγῶων
2089 3922 2468 4004 διωκομένων

548 4072 625 4132 35
742 4025 892 4113 364.
934 4022 1119 4115 λαοῦ]
1151 4031 1258 4091 τοῦ
1285 4030 1560 4110 Τρωικοῦ
1822 4023 2271 4116 ἀποτμήξαντε]
2304 4029 2648 4112 χωρίσαντε

742 4129 891 4216 365.
935 4126 1356 4220 φυλάκεσσιν]
1389 4136 1518 4199 τοῖς
1546 4132 1710 4215 παρὰ
1738 4136 1865 4198 τοῖς
1885 4130 2199 4211 Ἕλλησιν

739 4234 887 4320 368.
935 4232 1369 4322 ἐπευξάμενος]
1413 4234 1967 4319 <κ>αυχησάμενος

740 4351 891 4425 373.
936 4339 1087 4421 ὑπὲρ
1117 4334 1313 4427 ὦμον]
1346 4343 1677 4405 διελθοῦσα
1878 4351 2026 4424 375.
2071 4335 2471 4428 βαμβαίνων]
2504 4337 2735 4421 τρέμων
2766 4342 2872 4403 ΑΒ
2891 4353 2948 4410 4-

723 4518 771 4569 5.
794 4503 851 4568 ἥς
871 4504 1016 4556 cmv
1040 4513 1063 4569 η
1094 4521 1169 4557 10.
1187 4504 1476 4571 βραδύτερος
1496 4511 1557 4557 ut
1571 4508 1625 4557 A
1649 4511 1672 4568 11
1702 4518 1782 4572 17.
1803 4506 2034 4573 mpp10v1
2056 4523 2120 4557 ox
2140 4509 2194 4558 A
2221 4511 2241 4568 ΙΙ
2269 4522 2347 4560 20.
2369 4509 2576 4573 σημεῖον
2594 4524 2698 4559 non
2717 4514 2915 4559 eertum
2939 4514 2965 4570 n

659 4572 1312 4698 3733J231ss5130113229,
1336 4585 1414 4633 30.
1436 4571 1775 4635 παραπλήσιον
1794 4574 1878 4625 A:
1914 4570 2040 4636 παρὰ
2060 4574 2240 4633 πλῆθος
2265 4579 2286 4633 ΙΙ
2315 4587 2393 4637 33.
2415 4573 2620 4638 νεογνὸν
2640 4590 2743 4625 non
2764 4581 2965 4625 eertum
