<?xml version="1.0" encoding="UTF-8"?>
<!DOCTYPE html PUBLIC "-//W3C//DTD XHTML 1.0 Transitional//EN"
    "http://www.w3.org/TR/xhtml1/DTD/xhtml1-transitional.dtd">
<html xmlns="http://www.w3.org/1999/xhtml" xml:lang="en" lang="en">
 <head>
  <title>
</title>
<meta http-equiv="Content-Type" content="text/html;charset=utf-8" />
  <meta name='ocr-system' content='tesseract 3.04.00' />
  <meta name='ocr-capabilities' content='ocr_page ocr_carea ocr_par ocr_line ocrx_word'/>
</head>
<body>
  <div class='ocr_page' id='page_1' title='image "./scholiagraecain01homegoog/scholiagraecain01homegoog_0567.png"; bbox 0 0 3298 5195; ppageno 0'>
   <div class='ocr_carea' id='block_1_1' title="bbox 1146 348 2632 438">
    <p class='ocr_par' dir='ltr' id='par_1_1' title="bbox 1146 348 2632 438">
     <span class='ocr_line' id='line_1_1' title="bbox 1146 348 2632 438; baseline 0.001 -25"><span class='ocrx_word' id='word_1_1' title='bbox 1146 354 1488 415; x_wconf 77' lang='grc' dir='ltr'>ῐΛιΑΔοΣ</span> <span class='ocrx_word' id='word_1_2' title='bbox 1534 355 1621 418; x_wconf 84' lang='grc' dir='ltr'><strong><em>Μ.</em></strong></span> <span class='ocrx_word' id='word_1_3' title='bbox 1667 348 1692 437; x_wconf 85' lang='grc'>(</span> <span class='ocrx_word' id='word_1_4' title='bbox 1721 350 1852 438; x_wconf 79' lang='lat'>12)</span> <span class='ocrx_word' id='word_1_5' title='bbox 2500 354 2632 417; x_wconf 77' lang='lat'>531</span> 
     </span>
    </p>
   </div>
   <div class='ocr_carea' id='block_1_2' title="bbox 330 480 2633 810">
    <p class='ocr_par' dir='ltr' id='par_1_2' title="bbox 330 480 2633 810">
     <span class='ocr_line' id='line_1_2' title="bbox 420 480 1168 607; baseline 0.004 -25"><span class='ocrx_word' id='word_1_6' title='bbox 420 516 564 598; x_wconf 84' lang='lat'>726.</span> <span class='ocrx_word' id='word_1_7' title='bbox 610 480 858 607; x_wconf 66' lang='grc' dir='ltr'>ἔνδειοι]</span> <span class='ocrx_word' id='word_1_8' title='bbox 894 518 1168 602; x_wconf 80' lang='grc' dir='ltr'>ἑσπέριοι</span> 
     </span>
     <span class='ocr_line' id='line_1_3' title="bbox 614 620 2633 710; baseline 0.002 -22"><span class='ocrx_word' id='word_1_9' title='bbox 614 631 655 661; x_wconf 85' lang='grc'><strong>“</strong></span> <span class='ocrx_word' id='word_1_10' title='bbox 679 622 892 705; x_wconf 74' lang='grc' dir='ltr'>ἶερόν”</span> <span class='ocrx_word' id='word_1_11' title='bbox 925 630 1085 706; x_wconf 91' lang='grc' dir='ltr'>φησι</span> <span class='ocrx_word' id='word_1_12' title='bbox 1120 628 1332 692; x_wconf 78' lang='grc' dir='ltr'>τοῦτον</span> <span class='ocrx_word' id='word_1_13' title='bbox 1370 620 1409 703; x_wconf 84' lang='grc' dir='ltr'>ἢ</span> <span class='ocrx_word' id='word_1_14' title='bbox 1453 623 1555 689; x_wconf 78' lang='grc' dir='ltr'>διὰ</span> <span class='ocrx_word' id='word_1_15' title='bbox 1602 623 1675 690; x_wconf 85' lang='grc' dir='ltr'>τὸ</span> <span class='ocrx_word' id='word_1_16' title='bbox 1716 625 2069 707; x_wconf 77' lang='grc' dir='ltr'>θεραπεύειν</span> <span class='ocrx_word' id='word_1_17' title='bbox 2098 628 2336 710; x_wconf 78' lang='grc' dir='ltr'>ἆλφοὺς</span> <span class='ocrx_word' id='word_1_18' title='bbox 2363 625 2402 708; x_wconf 81' lang='grc' dir='ltr'>ἢ</span> <span class='ocrx_word' id='word_1_19' title='bbox 2434 629 2534 694; x_wconf 80' lang='grc' dir='ltr'>διὰ</span> <span class='ocrx_word' id='word_1_20' title='bbox 2563 634 2633 693; x_wconf 80' lang='grc' dir='ltr'>τὸ</span> 
     </span>
     <span class='ocr_line' id='line_1_4' title="bbox 330 722 1823 810; baseline 0.003 -22"><span class='ocrx_word' id='word_1_21' title='bbox 330 725 629 808; x_wconf 74' lang='grc' dir='ltr'>τρόφιμον</span> <span class='ocrx_word' id='word_1_22' title='bbox 657 722 696 807; x_wconf 86' lang='grc' dir='ltr'>ἢ</span> <span class='ocrx_word' id='word_1_23' title='bbox 729 729 830 792; x_wconf 76' lang='grc' dir='ltr'>διὸ</span> <span class='ocrx_word' id='word_1_24' title='bbox 856 732 927 792; x_wconf 83' lang='grc' dir='ltr'>τὸ</span> <span class='ocrx_word' id='word_1_25' title='bbox 959 725 1054 794; x_wconf 76' lang='grc' dir='ltr'>ἀεὶ</span> <span class='ocrx_word' id='word_1_26' title='bbox 1081 727 1211 810; x_wconf 79' lang='grc' dir='ltr'>ῥεῖν</span> <span class='ocrx_word' id='word_1_27' title='bbox 1242 728 1341 792; x_wconf 80' lang='grc' dir='ltr'>καὶ</span> <span class='ocrx_word' id='word_1_28' title='bbox 1380 727 1535 795; x_wconf 78' lang='grc' dir='ltr'>εἶναι</span> <span class='ocrx_word' id='word_1_29' title='bbox 1566 726 1823 794; x_wconf 82' lang='grc' dir='ltr'>ἆένναον</span> 
     </span>
    </p>
   </div>
   <div class='ocr_carea' id='block_1_3' title="bbox 328 826 2741 1649">
    <p class='ocr_par' dir='ltr' id='par_1_3' title="bbox 328 826 2741 1649">
     <span class='ocr_line' id='line_1_5' title="bbox 418 826 1992 920; baseline 0.004 -28"><span class='ocrx_word' id='word_1_30' title='bbox 418 829 563 913; x_wconf 91' lang='grc'><strong><em>736.</em></strong></span> <span class='ocrx_word' id='word_1_31' title='bbox 610 826 747 917; x_wconf 88' lang='grc' dir='ltr'>Διί]</span> <span class='ocrx_word' id='word_1_32' title='bbox 781 830 1139 919; x_wconf 74' lang='grc' dir='ltr'>πεπρωμένῃ</span> <span class='ocrx_word' id='word_1_33' title='bbox 1267 866 1272 872; x_wconf 96' lang='grc'>-</span> <span class='ocrx_word' id='word_1_34' title='bbox 1403 827 1662 920; x_wconf 83' lang='grc' dir='ltr'>Ἀθήνῃ]</span> <span class='ocrx_word' id='word_1_35' title='bbox 1696 831 1992 915; x_wconf 78' lang='grc' dir='ltr'>φρονήσει</span> 
     </span>
     <span class='ocr_line' id='line_1_6' title="bbox 420 930 2698 1023; baseline 0.003 -25"><span class='ocrx_word' id='word_1_36' title='bbox 420 946 564 1016; x_wconf 92' lang='grc'><strong><em>747.</em></strong></span> <span class='ocrx_word' id='word_1_37' title='bbox 608 930 901 1023; x_wconf 80' lang='grc' dir='ltr'>μελαίνῃ]</span> <span class='ocrx_word' id='word_1_38' title='bbox 936 933 1077 1018; x_wconf 85' lang='grc' dir='ltr'>παρ’</span> <span class='ocrx_word' id='word_1_39' title='bbox 1108 936 1261 1001; x_wconf 81' lang='grc' dir='ltr'>ὅσον</span> <span class='ocrx_word' id='word_1_40' title='bbox 1287 937 1566 1017; x_wconf 79' lang='grc' dir='ltr'>μελαίνει</span> <span class='ocrx_word' id='word_1_41' title='bbox 1595 935 1704 1001; x_wconf 83' lang='grc' dir='ltr'>τὸν</span> <span class='ocrx_word' id='word_1_42' title='bbox 1734 935 1883 1019; x_wconf 82' lang='grc' dir='ltr'>ἆέρα</span> <span class='ocrx_word' id='word_1_43' title='bbox 2664 953 2698 1011; x_wconf 80' lang='lat'><strong>5</strong></span> 
     </span>
     <span class='ocr_line' id='line_1_7' title="bbox 418 1035 1617 1129; baseline 0.003 -29"><span class='ocrx_word' id='word_1_44' title='bbox 418 1038 562 1119; x_wconf 91' lang='lat'>761.</span> <span class='ocrx_word' id='word_1_45' title='bbox 614 1035 799 1126; x_wconf 79' lang='grc' dir='ltr'>θεῶν]</span> <span class='ocrx_word' id='word_1_46' title='bbox 835 1038 954 1104; x_wconf 78' lang='grc' dir='ltr'>ἀπὸ</span> <span class='ocrx_word' id='word_1_47' title='bbox 985 1043 1104 1104; x_wconf 78' lang='grc' dir='ltr'>τῶν</span> <span class='ocrx_word' id='word_1_48' title='bbox 1367 1035 1502 1129; x_wconf 67' lang='grc' dir='ltr'>Διί]</span> <span class='ocrx_word' id='word_1_49' title='bbox 1536 1041 1617 1126; x_wconf 68' lang='grc' dir='ltr'>τῷ</span> 
     </span>
     <span class='ocr_line' id='line_1_8' title="bbox 612 1138 1860 1231; baseline 0.004 -26"><span class='ocrx_word' id='word_1_50' title='bbox 612 1138 912 1230; x_wconf 83' lang='grc' dir='ltr'>Νέστορι]</span> <span class='ocrx_word' id='word_1_51' title='bbox 945 1144 1027 1228; x_wconf 71' lang='grc' dir='ltr'>τῷ</span> <span class='ocrx_word' id='word_1_52' title='bbox 1292 1139 1553 1231; x_wconf 74' lang='grc' dir='ltr'>ἀνδρῶν]</span> <span class='ocrx_word' id='word_1_53' title='bbox 1588 1142 1710 1208; x_wconf 78' lang='grc' dir='ltr'>ἀπὸ</span> <span class='ocrx_word' id='word_1_54' title='bbox 1739 1149 1860 1210; x_wconf 72' lang='grc' dir='ltr'>τῶν</span> 
     </span>
     <span class='ocr_line' id='line_1_9' title="bbox 419 1241 2201 1335; baseline 0.002 -26"><span class='ocrx_word' id='word_1_55' title='bbox 419 1247 564 1327; x_wconf 88' lang='grc'><strong><em>776.</em></strong></span> <span class='ocrx_word' id='word_1_56' title='bbox 611 1241 809 1334; x_wconf 82' lang='grc' dir='ltr'>σφῶι]</span> <span class='ocrx_word' id='word_1_57' title='bbox 841 1248 1009 1327; x_wconf 92' lang='grc' dir='ltr'>ὑμεῖς</span> <span class='ocrx_word' id='word_1_58' title='bbox 1036 1245 1177 1308; x_wconf 90' lang='lat' dir='ltr'>A=</span> <span class='ocrx_word' id='word_1_59' title='bbox 1450 1243 1703 1335; x_wconf 75' lang='grc' dir='ltr'>ἕπετον]</span> <span class='ocrx_word' id='word_1_60' title='bbox 1734 1249 2036 1331; x_wconf 82' lang='grc' dir='ltr'>ἐνεργεῖτε</span> <span class='ocrx_word' id='word_1_61' title='bbox 2062 1249 2201 1313; x_wconf 88' lang='lat' dir='ltr'>A=</span> 
     </span>
     <span class='ocr_line' id='line_1_10' title="bbox 611 1347 2243 1440; baseline 0.001 -23"><span class='ocrx_word' id='word_1_62' title='bbox 611 1347 750 1439; x_wconf 86' lang='grc' dir='ltr'>νῶι]</span> <span class='ocrx_word' id='word_1_63' title='bbox 781 1351 954 1431; x_wconf 81' lang='grc' dir='ltr'>ἡμεῖς</span> <span class='ocrx_word' id='word_1_64' title='bbox 1218 1351 1364 1432; x_wconf 87' lang='lat'>782.</span> <span class='ocrx_word' id='word_1_65' title='bbox 1412 1348 1587 1440; x_wconf 73' lang='grc' dir='ltr'>σφῷ]</span> <span class='ocrx_word' id='word_1_66' title='bbox 1622 1351 1657 1415; x_wconf 80' lang='grc' dir='ltr'>ὃ</span> <span class='ocrx_word' id='word_1_67' title='bbox 1684 1351 1813 1433; x_wconf 84' lang='grc' dir='ltr'>μέν,</span> <span class='ocrx_word' id='word_1_68' title='bbox 1849 1353 1943 1418; x_wconf 81' lang='grc' dir='ltr'>ὅτι</span> <span class='ocrx_word' id='word_1_69' title='bbox 1975 1356 2243 1433; x_wconf 90' lang='grc' dir='ltr'>ἐπῆλθεν</span> 
     </span>
     <span class='ocr_line' id='line_1_11' title="bbox 418 1451 2741 1543; baseline 0 -27"><span class='ocrx_word' id='word_1_70' title='bbox 418 1453 562 1535; x_wconf 88' lang='lat'><strong>807.</strong></span> <span class='ocrx_word' id='word_1_71' title='bbox 607 1455 710 1521; x_wconf 73' lang='grc' dir='ltr'>ἵνα</span> <span class='ocrx_word' id='word_1_72' title='bbox 754 1453 864 1537; x_wconf 92' lang='grc' dir='ltr'>σφ’</span> <span class='ocrx_word' id='word_1_73' title='bbox 916 1453 1104 1538; x_wconf 79' lang='grc' dir='ltr'>ἀγορή</span> <span class='ocrx_word' id='word_1_74' title='bbox 1151 1480 1218 1520; x_wconf 93' lang='grc' dir='ltr'>τε</span> <span class='ocrx_word' id='word_1_75' title='bbox 1270 1453 1440 1535; x_wconf 83' lang='grc' dir='ltr'>θέμις</span> <span class='ocrx_word' id='word_1_76' title='bbox 1491 1451 1589 1543; x_wconf 91' lang='grc' dir='ltr'>τε]</span> <span class='ocrx_word' id='word_1_77' title='bbox 1639 1457 1794 1521; x_wconf 81' lang='grc' dir='ltr'>ὅπου</span> <span class='ocrx_word' id='word_1_78' title='bbox 1838 1455 2041 1524; x_wconf 83' lang='grc' dir='ltr'>αὑτοῖς</span> <span class='ocrx_word' id='word_1_79' title='bbox 2084 1455 2160 1521; x_wconf 90' lang='grc' dir='ltr'>τά</span> <span class='ocrx_word' id='word_1_80' title='bbox 2202 1482 2269 1523; x_wconf 91' lang='grc' dir='ltr'>τε</span> <span class='ocrx_word' id='word_1_81' title='bbox 2315 1457 2465 1522; x_wconf 76' lang='grc' dir='ltr'>ὤνια</span> <span class='ocrx_word' id='word_1_82' title='bbox 2500 1459 2634 1522; x_wconf 86' lang='grc' dir='ltr'>ἐπι·</span> <span class='ocrx_word' id='word_1_83' title='bbox 2666 1478 2741 1517; x_wconf 90' lang='lat'>10</span> 
     </span>
     <span class='ocr_line' id='line_1_12' title="bbox 328 1556 2633 1649; baseline 0.002 -28"><span class='ocrx_word' id='word_1_84' title='bbox 328 1556 635 1639; x_wconf 86' lang='grc' dir='ltr'>πράσκετο</span> <span class='ocrx_word' id='word_1_85' title='bbox 666 1559 765 1624; x_wconf 86' lang='grc' dir='ltr'>καὶ</span> <span class='ocrx_word' id='word_1_86' title='bbox 794 1558 870 1623; x_wconf 76' lang='grc' dir='ltr'>τὰ</span> <span class='ocrx_word' id='word_1_87' title='bbox 900 1558 1256 1641; x_wconf 89' lang='grc' dir='ltr'>δικαστήρια</span> <span class='ocrx_word' id='word_1_88' title='bbox 1285 1559 1521 1641; x_wconf 83' lang='grc' dir='ltr'>ἐγίνετο</span> <span class='ocrx_word' id='word_1_89' title='bbox 1547 1558 1686 1628; x_wconf 82' lang='lat' dir='ltr'>A÷</span> <span class='ocrx_word' id='word_1_90' title='bbox 1995 1560 2141 1624; x_wconf 91' lang='grc'><strong><em>808.</em></strong></span> <span class='ocrx_word' id='word_1_91' title='bbox 2185 1558 2332 1649; x_wconf 84' lang='grc' dir='ltr'>ἤην]</span> <span class='ocrx_word' id='word_1_92' title='bbox 2365 1562 2633 1644; x_wconf 80' lang='grc' dir='ltr'>ὑπῆρχεν</span> 
     </span>
    </p>
   </div>
   <div class='ocr_carea' id='block_1_4' title="bbox 327 1659 2740 2057">
    <p class='ocr_par' dir='ltr' id='par_1_4' title="bbox 327 1659 2634 1831">
     <span class='ocr_line' id='line_1_13' title="bbox 421 1659 2634 1749; baseline 0.001 -24"><span class='ocrx_word' id='word_1_93' title='bbox 421 1662 566 1745; x_wconf 89' lang='grc'><strong><em>809.</em></strong></span> <span class='ocrx_word' id='word_1_94' title='bbox 613 1659 1067 1749; x_wconf 83' lang='grc' dir='ltr'>ἆντεβόλησεν]</span> <span class='ocrx_word' id='word_1_95' title='bbox 1102 1662 1496 1744; x_wconf 83' lang='grc' dir='ltr'>συνήντησεν·</span> <span class='ocrx_word' id='word_1_96' title='bbox 1534 1661 1812 1746; x_wconf 87' lang='grc' dir='ltr'>Ὅμηρος</span> <span class='ocrx_word' id='word_1_97' title='bbox 1840 1665 1957 1747; x_wconf 78' lang='grc' dir='ltr'>γᾶρ</span> <span class='ocrx_word' id='word_1_98' title='bbox 1989 1664 2092 1729; x_wconf 80' lang='grc' dir='ltr'>ἐπὶ</span> <span class='ocrx_word' id='word_1_99' title='bbox 2124 1669 2228 1728; x_wconf 82' lang='grc' dir='ltr'>τοῦ</span> <span class='ocrx_word' id='word_1_100' title='bbox 2257 1668 2634 1747; x_wconf 83' lang='grc' dir='ltr'>παρακαλεῖν</span> 
     </span>
     <span class='ocr_line' id='line_1_14' title="bbox 327 1763 860 1831; baseline 0.002 -1"><span class='ocrx_word' id='word_1_101' title='bbox 327 1765 436 1830; x_wconf 79' lang='grc' dir='ltr'>οὔκ</span> <span class='ocrx_word' id='word_1_102' title='bbox 467 1765 595 1831; x_wconf 80' lang='grc' dir='ltr'>οἶδε</span> <span class='ocrx_word' id='word_1_103' title='bbox 622 1763 860 1831; x_wconf 82' lang='grc' dir='ltr'>τάττειν</span> 
     </span>
    </p>

    <p class='ocr_par' dir='ltr' id='par_1_5' title="bbox 418 1862 2301 1955">
     <span class='ocr_line' id='line_1_15' title="bbox 418 1862 2301 1955; baseline 0.002 -28"><span class='ocrx_word' id='word_1_104' title='bbox 418 1863 563 1950; x_wconf 85' lang='grc'><strong><em>832.</em></strong></span> <span class='ocrx_word' id='word_1_105' title='bbox 610 1862 1015 1953; x_wconf 87' lang='grc' dir='ltr'>δικαιότατος]</span> <span class='ocrx_word' id='word_1_106' title='bbox 1049 1867 1278 1934; x_wconf 88' lang='grc' dir='ltr'>δίκαιος</span> <span class='ocrx_word' id='word_1_107' title='bbox 1542 1865 1689 1952; x_wconf 91' lang='grc'><strong><em>838.</em></strong></span> <span class='ocrx_word' id='word_1_108' title='bbox 1736 1863 1857 1955; x_wconf 84' lang='grc' dir='ltr'>ἔοι]</span> <span class='ocrx_word' id='word_1_109' title='bbox 1896 1864 2138 1951; x_wconf 81' lang='grc' dir='ltr'>γένοιτο</span> <span class='ocrx_word' id='word_1_110' title='bbox 2167 1866 2301 1939; x_wconf 75' lang='lat' dir='ltr'>A÷</span> 
     </span>
    </p>

    <p class='ocr_par' dir='ltr' id='par_1_6' title="bbox 419 1964 2740 2057">
     <span class='ocr_line' id='line_1_16' title="bbox 419 1964 2740 2057; baseline 0.002 -24"><span class='ocrx_word' id='word_1_111' title='bbox 419 1968 566 2054; x_wconf 91' lang='grc'><strong><em>843.</em></strong></span> <span class='ocrx_word' id='word_1_112' title='bbox 611 1964 855 2057; x_wconf 89' lang='grc' dir='ltr'>βοείας]</span> <span class='ocrx_word' id='word_1_113' title='bbox 886 1968 1018 2048; x_wconf 82' lang='grc' dir='ltr'>ἤτοι</span> <span class='ocrx_word' id='word_1_114' title='bbox 1051 1968 1313 2052; x_wconf 87' lang='grc' dir='ltr'>δέρματα</span> <span class='ocrx_word' id='word_1_115' title='bbox 1339 1970 1526 2051; x_wconf 86' lang='grc' dir='ltr'>βόεια</span> <span class='ocrx_word' id='word_1_116' title='bbox 2668 1993 2740 2052; x_wconf 87' lang='lat'>15</span> 
     </span>
    </p>
   </div>
   <div class='ocr_carea' id='block_1_5' title="bbox 1434 2153 1519 2214">
    <p class='ocr_par' dir='ltr' id='par_1_7' title="bbox 1434 2153 1519 2214">
     <span class='ocr_line' id='line_1_17' title="bbox 1434 2153 1519 2214; baseline -0.024 0"><span class='ocrx_word' id='word_1_117' title='bbox 1434 2153 1519 2214; x_wconf 87' lang='lat' dir='ltr'>M.</span> 
     </span>
    </p>
   </div>
   <div class='ocr_carea' id='block_1_6' title="bbox 412 2274 2740 3611">
    <p class='ocr_par' dir='ltr' id='par_1_8' title="bbox 421 2274 1936 2367">
     <span class='ocr_line' id='line_1_18' title="bbox 421 2274 1936 2367; baseline 0 -24"><span class='ocrx_word' id='word_1_118' title='bbox 421 2294 522 2356; x_wconf 87' lang='lat'>24.</span> <span class='ocrx_word' id='word_1_119' title='bbox 567 2274 718 2367; x_wconf 79' lang='grc' dir='ltr'>τῶν]</span> <span class='ocrx_word' id='word_1_120' title='bbox 752 2284 872 2345; x_wconf 80' lang='grc' dir='ltr'>τῶν</span> <span class='ocrx_word' id='word_1_121' title='bbox 900 2283 1185 2359; x_wconf 77' lang='grc' dir='ltr'>ποταμόν</span> <span class='ocrx_word' id='word_1_122' title='bbox 1448 2274 1668 2365; x_wconf 88' lang='grc' dir='ltr'>ἐνοπή]</span> <span class='ocrx_word' id='word_1_123' title='bbox 1702 2278 1936 2362; x_wconf 91' lang='grc' dir='ltr'>ταραχή</span> 
     </span>
    </p>

    <p class='ocr_par' dir='ltr' id='par_1_9' title="bbox 418 2378 1574 2471">
     <span class='ocr_line' id='line_1_19' title="bbox 418 2378 1574 2471; baseline -0.002 -24"><span class='ocrx_word' id='word_1_124' title='bbox 418 2395 524 2467; x_wconf 85' lang='grc'>35.</span> <span class='ocrx_word' id='word_1_125' title='bbox 571 2378 799 2471; x_wconf 80' lang='grc' dir='ltr'>δεδήει]</span> <span class='ocrx_word' id='word_1_126' title='bbox 821 2380 1063 2462; x_wconf 78' lang='grc' dir='ltr'>ἐξῆπτο,</span> <span class='ocrx_word' id='word_1_127' title='bbox 1084 2380 1435 2465; x_wconf 82' lang='grc' dir='ltr'>διεγήγερτο</span> <span class='ocrx_word' id='word_1_128' title='bbox 1453 2401 1574 2446; x_wconf 80' lang='lat' dir='ltr'>rec.</span> 
     </span>
    </p>

    <p class='ocr_par' dir='ltr' id='par_1_10' title="bbox 418 2481 1533 2572">
     <span class='ocr_line' id='line_1_20' title="bbox 418 2481 1533 2572; baseline -0.002 -23"><span class='ocrx_word' id='word_1_129' title='bbox 418 2486 521 2571; x_wconf 90' lang='grc'><strong><em>38.</em></strong></span> <span class='ocrx_word' id='word_1_130' title='bbox 570 2481 978 2572; x_wconf 77' lang='grc' dir='ltr'>ἰσχανόωντο]</span> <span class='ocrx_word' id='word_1_131' title='bbox 1012 2484 1367 2569; x_wconf 87' lang='grc' dir='ltr'>κατείχοντο</span> <span class='ocrx_word' id='word_1_132' title='bbox 1395 2483 1533 2554; x_wconf 83' lang='grc' dir='ltr'><strong>Α-Ι-</strong></span> 
     </span>
    </p>

    <p class='ocr_par' dir='ltr' id='par_1_11' title="bbox 413 2584 2740 2880">
     <span class='ocr_line' id='line_1_21' title="bbox 413 2584 2740 2678; baseline 0.002 -25"><span class='ocrx_word' id='word_1_133' title='bbox 413 2610 520 2670; x_wconf 87' lang='grc'><strong><em>40.</em></strong></span> <span class='ocrx_word' id='word_1_134' title='bbox 566 2584 631 2676; x_wconf 81' lang='grc' dir='ltr'>ὅ]</span> <span class='ocrx_word' id='word_1_135' title='bbox 656 2589 895 2670; x_wconf 84' lang='grc' dir='ltr'>Ἕκτωρ</span> <span class='ocrx_word' id='word_1_136' title='bbox 1153 2608 1259 2668; x_wconf 86' lang='grc'>42.</span> <span class='ocrx_word' id='word_1_137' title='bbox 1304 2584 1722 2678; x_wconf 86' lang='grc' dir='ltr'>βλεμεαίνων]</span> <span class='ocrx_word' id='word_1_138' title='bbox 1754 2588 1976 2672; x_wconf 77' lang='grc' dir='ltr'>ἀγρίως</span> <span class='ocrx_word' id='word_1_139' title='bbox 2004 2588 2258 2673; x_wconf 81' lang='grc' dir='ltr'>βλέπων</span> <span class='ocrx_word' id='word_1_140' title='bbox 2664 2607 2740 2647; x_wconf 87' lang='lat'>20</span> 
     </span>
     <span class='ocr_line' id='line_1_22' title="bbox 413 2689 2637 2779; baseline 0 -21"><span class='ocrx_word' id='word_1_141' title='bbox 413 2707 519 2774; x_wconf 88' lang='lat'>47.</span> <span class='ocrx_word' id='word_1_142' title='bbox 566 2689 953 2779; x_wconf 77' lang='grc' dir='ltr'>πειρητίζων]</span> <span class='ocrx_word' id='word_1_143' title='bbox 988 2691 1321 2771; x_wconf 77' lang='grc' dir='ltr'>δοκιμάζων</span> <span class='ocrx_word' id='word_1_144' title='bbox 1347 2712 1465 2756; x_wconf 81' lang='lat' dir='ltr'>ree.</span> <span class='ocrx_word' id='word_1_145' title='bbox 1730 2693 1837 2771; x_wconf 92' lang='grc'><strong><em>48.</em></strong></span> <span class='ocrx_word' id='word_1_146' title='bbox 1884 2694 2180 2777; x_wconf 78' lang='grc' dir='ltr'>εἵκουσιν]</span> <span class='ocrx_word' id='word_1_147' title='bbox 2209 2696 2637 2778; x_wconf 75' lang='grc' dir='ltr'>ὑποχωροῦσιν</span> 
     </span>
     <span class='ocr_line' id='line_1_23' title="bbox 416 2795 1621 2880; baseline 0 -19"><span class='ocrx_word' id='word_1_148' title='bbox 416 2811 520 2880; x_wconf 86' lang='grc'>52.</span> <span class='ocrx_word' id='word_1_149' title='bbox 567 2796 940 2880; x_wconf 88' lang='grc' dir='ltr'>δειδίσσετο]</span> <span class='ocrx_word' id='word_1_150' title='bbox 973 2795 1105 2875; x_wconf 85' lang='grc' dir='ltr'>ἦτοι</span> <span class='ocrx_word' id='word_1_151' title='bbox 1137 2796 1366 2861; x_wconf 74' lang='grc' dir='ltr'>ἄποθεν</span> <span class='ocrx_word' id='word_1_152' title='bbox 1396 2797 1621 2877; x_wconf 88' lang='grc' dir='ltr'>ἐφόβει</span> 
     </span>
    </p>

    <p class='ocr_par' dir='ltr' id='par_1_12' title="bbox 412 2895 2636 3091">
     <span class='ocr_line' id='line_1_24' title="bbox 415 2895 2636 2988; baseline 0 -23"><span class='ocrx_word' id='word_1_153' title='bbox 415 2913 520 2982; x_wconf 89' lang='grc'><strong><em>54.</em></strong></span> <span class='ocrx_word' id='word_1_154' title='bbox 568 2895 844 2988; x_wconf 89' lang='grc' dir='ltr'>κρημνοί]</span> <span class='ocrx_word' id='word_1_155' title='bbox 867 2903 942 2964; x_wconf 71' lang='grc' dir='ltr'>τὰ</span> <span class='ocrx_word' id='word_1_156' title='bbox 958 2904 1064 2979; x_wconf 88' lang='grc' dir='ltr'>τῆς</span> <span class='ocrx_word' id='word_1_157' title='bbox 1081 2897 1315 2982; x_wconf 86' lang='grc' dir='ltr'>τάφρου</span> <span class='ocrx_word' id='word_1_158' title='bbox 1331 2900 1513 2983; x_wconf 87' lang='grc' dir='ltr'>χείλη</span> <span class='ocrx_word' id='word_1_159' title='bbox 1716 2896 2082 2988; x_wconf 83' lang='grc' dir='ltr'>ἐπηρεφέες]</span> <span class='ocrx_word' id='word_1_160' title='bbox 2102 2902 2355 2983; x_wconf 77' lang='grc' dir='ltr'>ὑψηλοί,</span> <span class='ocrx_word' id='word_1_161' title='bbox 2375 2899 2636 2984; x_wconf 80' lang='grc' dir='ltr'>μεγάλοι</span> 
     </span>
     <span class='ocr_line' id='line_1_25' title="bbox 412 3001 1705 3091; baseline -0.002 -24"><span class='ocrx_word' id='word_1_162' title='bbox 412 3004 517 3086; x_wconf 84' lang='grc'><strong><em>56.</em></strong></span> <span class='ocrx_word' id='word_1_163' title='bbox 562 3001 798 3091; x_wconf 85' lang='grc' dir='ltr'>ἠρήρει]</span> <span class='ocrx_word' id='word_1_164' title='bbox 830 3003 1117 3086; x_wconf 81' lang='grc' dir='ltr'>ἥρμοστο,</span> <span class='ocrx_word' id='word_1_165' title='bbox 1141 3004 1523 3070; x_wconf 86' lang='grc' dir='ltr'>ἐπεπύκνωτο</span> <span class='ocrx_word' id='word_1_166' title='bbox 1553 3002 1705 3065; x_wconf 89' lang='grc' dir='ltr'>Α-</span> 
     </span>
    </p>

    <p class='ocr_par' dir='ltr' id='par_1_13' title="bbox 412 3103 2738 3301">
     <span class='ocr_line' id='line_1_26' title="bbox 412 3103 2738 3196; baseline -0.003 -23"><span class='ocrx_word' id='word_1_167' title='bbox 412 3121 518 3194; x_wconf 85' lang='grc'><strong><em>59.</em></strong></span> <span class='ocrx_word' id='word_1_168' title='bbox 565 3111 618 3176; x_wconf 75' lang='grc' dir='ltr'>εἰ</span> <span class='ocrx_word' id='word_1_169' title='bbox 648 3103 995 3196; x_wconf 83' lang='grc' dir='ltr'>τελέουσιν]</span> <span class='ocrx_word' id='word_1_170' title='bbox 1029 3106 1137 3173; x_wconf 84' lang='grc' dir='ltr'>ἐὰν</span> <span class='ocrx_word' id='word_1_171' title='bbox 1166 3105 1629 3185; x_wconf 89' lang='grc' dir='ltr'>ἐπιτελέσωσιν,</span> <span class='ocrx_word' id='word_1_172' title='bbox 1663 3108 1700 3171; x_wconf 82' lang='grc' dir='ltr'>ὅ</span> <span class='ocrx_word' id='word_1_173' title='bbox 1730 3109 1865 3173; x_wconf 87' lang='grc' dir='ltr'>ἐστι</span> <span class='ocrx_word' id='word_1_174' title='bbox 1894 3106 2284 3190; x_wconf 90' lang='grc' dir='ltr'>παρέλθωσιν</span> <span class='ocrx_word' id='word_1_175' title='bbox 2664 3127 2738 3184; x_wconf 83' lang='grc'><strong><em>25</em></strong></span> 
     </span>
     <span class='ocr_line' id='line_1_27' title="bbox 415 3207 2448 3301; baseline 0.001 -27"><span class='ocrx_word' id='word_1_176' title='bbox 415 3213 517 3277; x_wconf 90' lang='lat'>66.</span> <span class='ocrx_word' id='word_1_177' title='bbox 563 3207 935 3301; x_wconf 69' lang='grc' dir='ltr'>τρώσεσθαι]</span> <span class='ocrx_word' id='word_1_178' title='bbox 967 3209 1571 3292; x_wconf 61' lang='grc' dir='ltr'>ᾗττηθήσεσθαιΑ-ῦ·</span> <span class='ocrx_word' id='word_1_179' title='bbox 1851 3212 1957 3292; x_wconf 88' lang='grc'><strong><em>69.</em></strong></span> <span class='ocrx_word' id='word_1_180' title='bbox 2005 3208 2072 3300; x_wconf 85' lang='grc' dir='ltr'>ἦ]</span> <span class='ocrx_word' id='word_1_181' title='bbox 2107 3212 2448 3279; x_wconf 75' lang='grc' dir='ltr'>ὅντωςΑ-τ</span> 
     </span>
    </p>

    <p class='ocr_par' dir='ltr' id='par_1_14' title="bbox 418 3311 2374 3405">
     <span class='ocr_line' id='line_1_28' title="bbox 418 3311 2374 3405; baseline -0.002 -23"><span class='ocrx_word' id='word_1_182' title='bbox 418 3330 518 3399; x_wconf 88' lang='grc'><strong><em>72.</em></strong></span> <span class='ocrx_word' id='word_1_183' title='bbox 567 3311 1018 3405; x_wconf 75' lang='grc' dir='ltr'>ἐνιπλήξωμεν]</span> <span class='ocrx_word' id='word_1_184' title='bbox 1052 3315 1409 3397; x_wconf 89' lang='grc' dir='ltr'>ἐμπέσωμεν</span> <span class='ocrx_word' id='word_1_185' title='bbox 1676 3329 1778 3399; x_wconf 89' lang='grc'><strong><em>79.</em></strong></span> <span class='ocrx_word' id='word_1_186' title='bbox 1823 3312 2110 3404; x_wconf 90' lang='grc' dir='ltr'>πείρατα]</span> <span class='ocrx_word' id='word_1_187' title='bbox 2142 3314 2374 3400; x_wconf 90' lang='grc' dir='ltr'>πέρατα</span> 
     </span>
    </p>

    <p class='ocr_par' dir='ltr' id='par_1_15' title="bbox 414 3415 1450 3505">
     <span class='ocr_line' id='line_1_29' title="bbox 414 3415 1450 3505; baseline -0.002 -21"><span class='ocrx_word' id='word_1_188' title='bbox 414 3439 517 3504; x_wconf 90' lang='grc'><strong><em>93.</em></strong></span> <span class='ocrx_word' id='word_1_189' title='bbox 566 3415 790 3505; x_wconf 85' lang='grc' dir='ltr'>Πάρις]</span> <span class='ocrx_word' id='word_1_190' title='bbox 824 3420 858 3482; x_wconf 79' lang='grc' dir='ltr'><strong><em>ὁ</em></strong></span> <span class='ocrx_word' id='word_1_191' title='bbox 884 3418 1292 3501; x_wconf 79' lang='grc' dir='ltr'>Ἀλέξανδρος</span> <span class='ocrx_word' id='word_1_192' title='bbox 1311 3418 1450 3482; x_wconf 88' lang='lat' dir='ltr'>A=</span> 
     </span>
    </p>

    <p class='ocr_par' dir='ltr' id='par_1_16' title="bbox 414 3515 2475 3611">
     <span class='ocr_line' id='line_1_30' title="bbox 414 3515 2475 3611; baseline -0.001 -23"><span class='ocrx_word' id='word_1_193' title='bbox 414 3539 518 3608; x_wconf 92' lang='lat'>97.</span> <span class='ocrx_word' id='word_1_194' title='bbox 563 3519 844 3611; x_wconf 74' lang='grc' dir='ltr'>αἴθωνες]</span> <span class='ocrx_word' id='word_1_195' title='bbox 877 3522 1152 3605; x_wconf 89' lang='grc' dir='ltr'>διάπυροι</span> <span class='ocrx_word' id='word_1_196' title='bbox 1181 3521 1316 3593; x_wconf 85' lang='grc' dir='ltr'>Α·Ι·</span> <span class='ocrx_word' id='word_1_197' title='bbox 1596 3541 1738 3607; x_wconf 91' lang='grc'><strong><em>103.</em></strong></span> <span class='ocrx_word' id='word_1_198' title='bbox 1785 3515 2063 3609; x_wconf 74' lang='grc' dir='ltr'>εἴσαντο]</span> <span class='ocrx_word' id='word_1_199' title='bbox 2095 3520 2312 3600; x_wconf 77' lang='grc' dir='ltr'>ἔδοξαν</span> <span class='ocrx_word' id='word_1_200' title='bbox 2339 3522 2475 3595; x_wconf 75' lang='lat' dir='ltr'>A÷</span> 
     </span>
    </p>
   </div>
   <div class='ocr_carea' id='block_1_7' title="bbox 323 3625 2740 3800">
    <p class='ocr_par' dir='ltr' id='par_1_17' title="bbox 323 3625 2740 3800">
     <span class='ocr_line' id='line_1_31' title="bbox 420 3625 2740 3714; baseline 0.002 -24"><span class='ocrx_word' id='word_1_201' title='bbox 420 3639 562 3711; x_wconf 87' lang='lat'>105.</span> <span class='ocrx_word' id='word_1_202' title='bbox 609 3628 860 3714; x_wconf 81' lang='grc' dir='ltr'>τυκτῇσι</span> <span class='ocrx_word' id='word_1_203' title='bbox 901 3626 1199 3711; x_wconf 89' lang='grc' dir='ltr'>βόεσσιν]</span> <span class='ocrx_word' id='word_1_204' title='bbox 1243 3633 1375 3695; x_wconf 91' lang='grc' dir='ltr'>ταῖς</span> <span class='ocrx_word' id='word_1_205' title='bbox 1421 3627 1845 3711; x_wconf 77' lang='grc' dir='ltr'>εῖργασμέναις</span> <span class='ocrx_word' id='word_1_206' title='bbox 1890 3626 2012 3692; x_wconf 77' lang='grc' dir='ltr'>ἀπὸ</span> <span class='ocrx_word' id='word_1_207' title='bbox 2054 3625 2363 3711; x_wconf 90' lang='grc' dir='ltr'>δερμάτων</span> <span class='ocrx_word' id='word_1_208' title='bbox 2405 3629 2636 3709; x_wconf 85' lang='grc' dir='ltr'>βοείων</span> <span class='ocrx_word' id='word_1_209' title='bbox 2661 3647 2740 3704; x_wconf 83' lang='lat'>30</span> 
     </span>
     <span class='ocr_line' id='line_1_32' title="bbox 323 3731 747 3800; baseline 0.009 -4"><span class='ocrx_word' id='word_1_210' title='bbox 323 3732 586 3798; x_wconf 76' lang='grc' dir='ltr'>ἀσπίσιν</span> <span class='ocrx_word' id='word_1_211' title='bbox 611 3731 675 3795; x_wconf 88' lang='lat' dir='ltr'>A</span> <span class='ocrx_word' id='word_1_212' title='bbox 691 3746 747 3800; x_wconf 84' lang='grc' dir='ltr'>-Ι-</span> 
     </span>
    </p>
   </div>
   <div class='ocr_carea' id='block_1_8' title="bbox 415 3829 1795 4028">
    <p class='ocr_par' dir='ltr' id='par_1_18' title="bbox 415 3829 1795 4028">
     <span class='ocr_line' id='line_1_33' title="bbox 415 3829 1795 3922; baseline 0 -23"><span class='ocrx_word' id='word_1_213' title='bbox 415 3834 563 3899; x_wconf 93' lang='grc'><strong><em>106.</em></strong></span> <span class='ocrx_word' id='word_1_214' title='bbox 608 3829 991 3922; x_wconf 89' lang='grc' dir='ltr'>λελιημένοι]</span> <span class='ocrx_word' id='word_1_215' title='bbox 1024 3835 1487 3919; x_wconf 86' lang='grc' dir='ltr'>παρωρμημένοι</span> <span class='ocrx_word' id='word_1_216' title='bbox 1518 3833 1795 3918; x_wconf 79' lang='grc' dir='ltr'>ἔνθερμοι</span> 
     </span>
     <span class='ocr_line' id='line_1_34' title="bbox 416 3935 1646 4028; baseline 0.003 -25"><span class='ocrx_word' id='word_1_217' title='bbox 416 3955 561 4021; x_wconf 89' lang='lat'>117.</span> <span class='ocrx_word' id='word_1_218' title='bbox 608 3935 1023 4028; x_wconf 84' lang='grc' dir='ltr'>Δευκαλίδαο]</span> <span class='ocrx_word' id='word_1_219' title='bbox 1055 3942 1188 4005; x_wconf 76' lang='grc' dir='ltr'>υἱοῦ</span> <span class='ocrx_word' id='word_1_220' title='bbox 1220 3939 1646 4007; x_wconf 86' lang='grc' dir='ltr'>Δευκαλίωνος</span> 
     </span>
    </p>
   </div>
   <div class='ocr_carea' id='block_1_9' title="bbox 418 4143 2738 4337">
    <p class='ocr_par' dir='ltr' id='par_1_19' title="bbox 418 4143 2738 4337">
     <span class='ocr_line' id='line_1_35' title="bbox 418 4143 2738 4236; baseline 0 -26"><span class='ocrx_word' id='word_1_221' title='bbox 418 4167 561 4226; x_wconf 89' lang='lat'>141.</span> <span class='ocrx_word' id='word_1_222' title='bbox 607 4149 744 4215; x_wconf 75' lang='grc' dir='ltr'>εἵως</span> <span class='ocrx_word' id='word_1_223' title='bbox 772 4143 913 4236; x_wconf 91' lang='grc' dir='ltr'>μέν]</span> <span class='ocrx_word' id='word_1_224' title='bbox 947 4147 1058 4215; x_wconf 77' lang='grc' dir='ltr'>ἕως</span> <span class='ocrx_word' id='word_1_225' title='bbox 1085 4148 1210 4229; x_wconf 87' lang='grc' dir='ltr'>μέν,</span> <span class='ocrx_word' id='word_1_226' title='bbox 1239 4146 1374 4228; x_wconf 88' lang='grc' dir='ltr'>ἤτοι</span> <span class='ocrx_word' id='word_1_227' title='bbox 1403 4149 1547 4232; x_wconf 88' lang='grc' dir='ltr'>πρὶν</span> <span class='ocrx_word' id='word_1_228' title='bbox 1575 4148 1783 4212; x_wconf 87' lang='grc' dir='ltr'>ἐλθεῖν</span> <span class='ocrx_word' id='word_1_229' title='bbox 1811 4145 1949 4213; x_wconf 80' lang='grc' dir='ltr'>τοὺς</span> <span class='ocrx_word' id='word_1_230' title='bbox 1976 4144 2333 4229; x_wconf 81' lang='grc' dir='ltr'>βαρβάρους</span> <span class='ocrx_word' id='word_1_231' title='bbox 2359 4147 2499 4211; x_wconf 85' lang='lat' dir='ltr'>A=</span> <span class='ocrx_word' id='word_1_232' title='bbox 2661 4168 2738 4226; x_wconf 84' lang='lat'>35</span> 
     </span>
     <span class='ocr_line' id='line_1_36' title="bbox 419 4248 2632 4337; baseline 0.001 -23"><span class='ocrx_word' id='word_1_233' title='bbox 419 4264 561 4331; x_wconf 91' lang='lat'>147.</span> <span class='ocrx_word' id='word_1_234' title='bbox 610 4248 1010 4337; x_wconf 86' lang='grc' dir='ltr'>κολοσυρτόν]</span> <span class='ocrx_word' id='word_1_235' title='bbox 1057 4253 1270 4335; x_wconf 87' lang='grc' dir='ltr'>κυρίως</span> <span class='ocrx_word' id='word_1_236' title='bbox 1309 4253 1412 4317; x_wconf 84' lang='grc' dir='ltr'>ἐπὶ</span> <span class='ocrx_word' id='word_1_237' title='bbox 1456 4250 1657 4331; x_wconf 80' lang='grc' dir='ltr'>ξύλων</span> <span class='ocrx_word' id='word_1_238' title='bbox 1704 4250 2070 4332; x_wconf 83' lang='grc' dir='ltr'>συρομένων,</span> <span class='ocrx_word' id='word_1_239' title='bbox 2104 4251 2253 4317; x_wconf 78' lang='grc' dir='ltr'>ὅταν</span> <span class='ocrx_word' id='word_1_240' title='bbox 2281 4249 2484 4330; x_wconf 78' lang='grc' dir='ltr'>ξύλων</span> <span class='ocrx_word' id='word_1_241' title='bbox 2512 4258 2632 4318; x_wconf 73' lang='grc' dir='ltr'>τῶν</span> 
     </span>
    </p>
   </div>
   <div class='ocr_carea' id='block_1_10' title="bbox 326 4352 2630 4541">
    <p class='ocr_par' dir='ltr' id='par_1_20' title="bbox 326 4352 2630 4541">
     <span class='ocr_line' id='line_1_37' title="bbox 328 4352 2630 4437; baseline -0.002 -18"><span class='ocrx_word' id='word_1_242' title='bbox 328 4353 636 4419; x_wconf 89' lang='grc' dir='ltr'>κοπέντων</span> <span class='ocrx_word' id='word_1_243' title='bbox 688 4352 809 4418; x_wconf 73' lang='grc' dir='ltr'>ὰπὸ</span> <span class='ocrx_word' id='word_1_244' title='bbox 862 4353 1035 4435; x_wconf 83' lang='grc' dir='ltr'>ὅρους</span> <span class='ocrx_word' id='word_1_245' title='bbox 1086 4354 1433 4436; x_wconf 88' lang='grc' dir='ltr'>συρομένων</span> <span class='ocrx_word' id='word_1_246' title='bbox 1496 4355 1760 4436; x_wconf 83' lang='grc' dir='ltr'>θόρυβος</span> <span class='ocrx_word' id='word_1_247' title='bbox 1818 4355 2075 4437; x_wconf 84' lang='grc' dir='ltr'>γίνηται.</span> <span class='ocrx_word' id='word_1_248' title='bbox 2146 4354 2180 4418; x_wconf 78' lang='grc' dir='ltr'><strong><em>ὁ</em></strong></span> <span class='ocrx_word' id='word_1_249' title='bbox 2241 4356 2363 4418; x_wconf 78' lang='grc' dir='ltr'>ἀπὸ</span> <span class='ocrx_word' id='word_1_250' title='bbox 2427 4354 2630 4435; x_wconf 77' lang='grc' dir='ltr'>κάλον,</span> 
     </span>
     <span class='ocr_line' id='line_1_38' title="bbox 326 4456 1879 4541; baseline -0.012 -15"><span class='ocrx_word' id='word_1_251' title='bbox 326 4458 459 4538; x_wconf 88' lang='grc' dir='ltr'>ἤτοι</span> <span class='ocrx_word' id='word_1_252' title='bbox 490 4456 692 4537; x_wconf 80' lang='grc' dir='ltr'>ξύλου,</span> <span class='ocrx_word' id='word_1_253' title='bbox 731 4456 1063 4538; x_wconf 81' lang='grc' dir='ltr'>συρομένου</span> <span class='ocrx_word' id='word_1_254' title='bbox 1091 4457 1414 4540; x_wconf 81' lang='grc' dir='ltr'>γενόμενος</span> <span class='ocrx_word' id='word_1_255' title='bbox 1445 4459 1706 4541; x_wconf 81' lang='grc' dir='ltr'>θόρυβος</span> <span class='ocrx_word' id='word_1_256' title='bbox 1734 4457 1879 4520; x_wconf 87' lang='grc' dir='ltr'>Α..</span> 
     </span>
    </p>
   </div>
   <div class='ocr_carea' id='block_1_11' title="bbox 327 4573 2629 4707">
    <p class='ocr_par' dir='ltr' id='par_1_21' title="bbox 327 4573 2629 4707">
     <span class='ocr_line' id='line_1_39' title="bbox 398 4573 2629 4654; baseline -0.001 -27"><span class='ocrx_word' id='word_1_257' title='bbox 398 4592 441 4627; x_wconf 85' lang='grc' dir='ltr'>ι.</span> <span class='ocrx_word' id='word_1_258' title='bbox 465 4583 580 4643; x_wconf 68' lang='lat' dir='ltr'>pout</span> <span class='ocrx_word' id='word_1_259' title='bbox 600 4573 807 4640; x_wconf 65' lang='grc' dir='ltr'>δστέριοι</span> <span class='ocrx_word' id='word_1_260' title='bbox 829 4575 1063 4627; x_wconf 59' lang='lat' dir='ltr'>aldrao.</span> <span class='ocrx_word' id='word_1_261' title='bbox 1087 4573 1291 4640; x_wconf 69' lang='grc' dir='ltr'>ἔνφοβοι</span> <span class='ocrx_word' id='word_1_262' title='bbox 1328 4580 1352 4636; x_wconf 79' lang='lat' dir='ltr'>n</span> <span class='ocrx_word' id='word_1_263' title='bbox 1389 4588 1435 4637; x_wconf 87' lang='grc'>3.</span> <span class='ocrx_word' id='word_1_264' title='bbox 1457 4574 1631 4640; x_wconf 70' lang='grc' dir='ltr'>ἀείρειν</span> <span class='ocrx_word' id='word_1_265' title='bbox 1661 4582 1683 4637; x_wconf 81' lang='grc' dir='ltr'>ΙΙ</span> <span class='ocrx_word' id='word_1_266' title='bbox 1718 4591 1766 4641; x_wconf 89' lang='lat'>9.</span> <span class='ocrx_word' id='word_1_267' title='bbox 1790 4577 1943 4627; x_wconf 74' lang='lat' dir='ltr'>sohel.</span> <span class='ocrx_word' id='word_1_268' title='bbox 2002 4577 2062 4626; x_wconf 89' lang='grc'><strong><em>82</em></strong></span> <span class='ocrx_word' id='word_1_269' title='bbox 2086 4590 2190 4625; x_wconf 80' lang='lat' dir='ltr'>non</span> <span class='ocrx_word' id='word_1_270' title='bbox 2210 4574 2454 4654; x_wconf 50' lang='lat' dir='ltr'>intellego</span> <span class='ocrx_word' id='word_1_271' title='bbox 2490 4581 2511 4636; x_wconf 85' lang='grc' dir='ltr'>ΙΙ</span> <span class='ocrx_word' id='word_1_272' title='bbox 2551 4589 2629 4640; x_wconf 78' lang='lat'>25·</span> 
     </span>
     <span class='ocr_line' id='line_1_40' title="bbox 327 4639 2436 4707; baseline -0.001 -12"><span class='ocrx_word' id='word_1_273' title='bbox 327 4641 613 4707; x_wconf 71' lang='grc' dir='ltr'>παρέλθοιεν</span> <span class='ocrx_word' id='word_1_274' title='bbox 648 4648 671 4703; x_wconf 87' lang='grc' dir='ltr'>Ι]</span> <span class='ocrx_word' id='word_1_275' title='bbox 711 4642 788 4696; x_wconf 86' lang='grc'>26.</span> <span class='ocrx_word' id='word_1_276' title='bbox 810 4639 1174 4707; x_wconf 71' lang='grc' dir='ltr'>ἡττηθήσεσθαι</span> <span class='ocrx_word' id='word_1_277' title='bbox 1200 4641 1278 4693; x_wconf 90' lang='lat' dir='ltr'>D:</span> <span class='ocrx_word' id='word_1_278' title='bbox 1311 4641 1575 4705; x_wconf 74' lang='grc' dir='ltr'>ἡττηθῆναι</span> <span class='ocrx_word' id='word_1_279' title='bbox 1599 4649 1660 4692; x_wconf 75' lang='lat' dir='ltr'>ut</span> <span class='ocrx_word' id='word_1_280' title='bbox 1679 4644 1733 4692; x_wconf 74' lang='lat' dir='ltr'>A</span> <span class='ocrx_word' id='word_1_281' title='bbox 1758 4647 1780 4702; x_wconf 84' lang='grc' dir='ltr'>ΙΙ</span> <span class='ocrx_word' id='word_1_282' title='bbox 1816 4652 1894 4706; x_wconf 78' lang='grc'>37.</span> <span class='ocrx_word' id='word_1_283' title='bbox 2016 4647 2138 4693; x_wconf 66' lang='lat' dir='ltr'>ante</span> <span class='ocrx_word' id='word_1_284' title='bbox 2159 4656 2267 4704; x_wconf 81' lang='grc' dir='ltr'>συρ.</span> <span class='ocrx_word' id='word_1_285' title='bbox 2289 4656 2436 4692; x_wconf 74' lang='lat' dir='ltr'>omn</span> 
     </span>
    </p>
   </div>
   <div class='ocr_carea' id='block_1_12' title="bbox 1365 4741 1582 4788">
    <p class='ocr_par' dir='ltr' id='par_1_22' title="bbox 1365 4741 1582 4788">
     <span class='ocr_line' id='line_1_41' title="bbox 1365 4741 1582 4788; baseline 0.005 -1"><span class='ocrx_word' id='word_1_286' title='bbox 1365 4741 1582 4788; x_wconf 74' lang='lat' dir='ltr'>Mm2</span> 
     </span>
    </p>
   </div>
  </div>
 </body>
</html>
