3298 5195
1167 368 1507 430 ιΛιΑΔοΣ
1554 371 1622 430 Σ.
1670 362 1844 453 (18)
2532 359 2661 432 549

440 555 589 621 342.
637 533 903 626 πιείρας]
937 540 1238 604 πλουσίας

439 641 588 724 348.
634 638 934 729 γάστρην]
967 642 1079 721 τὴν
1110 642 1323 721 κοίλην
1352 644 1457 721 τῆς
1485 642 1755 724 γαστρός

438 760 588 829 351.
635 742 999 834 ἀλείφατος]
1048 747 1436 826 ἆλείμματος.
1513 745 1871 830 ἄλειφα<ρ>
1923 746 2275 826 ἀλείφατος,
2313 745 2393 815 ὥς
2438 748 2657 831 δέλεαρ

352 846 638 916 δελέατος

642 950 987 1043 ἐννεώροιο]
1021 955 1335 1021 ἐνναετοΰς
2682 972 2721 1037 5

435 1068 584 1140 352.
632 1062 667 1092 “
688 1057 869 1121 λιτί”
901 1054 939 1136 ἢ
972 1060 1123 1143 λιτῷ
1158 1055 1255 1121 καὶ
1287 1057 1736 1142 ἀποικίλ<τ>ῳ.
1782 1058 1917 1122 ἔστι
1947 1059 2012 1123 δὲ
2042 1061 2477 1140 μεταπλασμός
2506 1057 2639 1130 Α-Ι-

435 1172 584 1244 359·
632 1157 941 1249 ἐγένοντο]
978 1161 1395 1245 ἐγεννήθησαν

437 1264 585 1348 362.
622 1263 879 1348 (μέλλει
908 1270 1133 1345 βροτὸς
1164 1265 1335 1347 ἀνδρὶ
1364 1262 1739 1354 τελέσσαι>]
1774 1264 1904 1330 καθ’
1930 1266 2000 1330 οὗ
2027 1264 2104 1331 ἂν
2134 1268 2408 1354 ὁργισθῇ,
2425 1265 2524 1332 καὶ
2555 1271 2654 1333 ἐκ·

349 1372 691 1450 πληρῶσαι·
736 1366 774 1449 ἢ
820 1375 836 1404 ‘
855 1367 952 1434 καὶ
997 1368 1117 1451 μὴν
1164 1370 1479 1452 ἅνθρωπος
1523 1370 1819 1456 ἀνθρώπῳ
1865 1370 2051 1436 κακὸν
2092 1370 2520 1450 κατασκευάζει
2557 1374 2656 1438 καὶ

347 1475 547 1536 ποιεῖ’
2687 1499 2762 1541 10

433 1588 584 1658 371.
635 1578 1081 1661 κυλλοποδίων]
1113 1580 1147 1641 ὁ
1178 1578 1383 1662 χωλός
1705 1586 1852 1661 375.
1897 1576 2113 1660 κύκλα]
2144 1578 2397 1663 τροχούς
2419 1579 2556 1642 A=

435 1679 583 1763 376.
631 1677 987 1769 αὐτόματοι]
1022 1682 1186 1745 οὗτοι
1215 1683 1275 1746 οἱ
1306 1681 1587 1763 τρίποδες
1618 1681 1788 1745 αὐτοὶ
1819 1680 1926 1762 ἀφ’
1959 1684 2190 1745 ἑαυτῶν

381 1860 392 1869 „
637 1781 907 1871 δυσέατ’]
942 1784 1184 1849 ἔλθοιεν
1445 1797 1597 1868 377.
1644 1783 1779 1866 ἠδέ]
1813 1784 1916 1847 καί

434 1898 582 1969 379.
628 1883 915 1975 δεσμούς]
954 1889 1094 1954 τοὺς
1122 1888 1325 1966 ἥλους,
1359 1886 1511 1951 καθὸ
1541 1886 1978 1967 συμβάλλουσι
2010 1887 2109 1952 καὶ
2140 1893 2550 1968 συνδεσμοῦσι
2579 1892 2657 1953 τὸ,

345 1986 470 2054 ὦτα
498 1995 603 2053 τοῦ
633 1991 912 2070 τρίποδος
2687 2002 2758 2074 15'

433 2094 582 2177 380.
630 2090 919 2182 ίδυίῃσιν]
952 2099 1083 2161 ταῖς
1115 2095 1614 2175 ἐπιστημονικαῖς

434 2198 582 2280 396.
628 2195 880 2285 μητρός]
915 2202 1021 2277 τῆς
1045 2196 1245 2279 Ἥρας
1505 2212 1655 2284 397.
1703 2193 1957 2284 κρύψαι]
1994 2199 2297 2279 ἀφανίσαι

430 2318 579 2379 401.
625 2297 891 2387 πόρπας]
924 2303 1183 2383 περόνας
1443 2296 1786 2387 γναμπτάς]
1820 2301 2180 2381 ἐπικαμπεῖς

635 2402 872 2491 ἕλικας]
909 2408 1263 2472 ἐλικοειδεΐς
1526 2400 1775 2491 ὅρμους]
1809 2404 2346 2490 περιτραχήλ<ι>α

431 2527 584 2592 409.
632 2506 826 2597 ὅπλα]
860 2512 936 2573 τὰ
964 2512 1334 2592 χαλκευτικᾶ
1367 2510 1661 2591 ἐργαλεῖα
2684 2536 2760 2577 20

428 2630 582 2689 410.
632 2613 716 2696 (“
735 2613 984 2697 πέλωρ)
1020 2616 1232 2691 αἴητον
1254 2611 1288 2638 ”
1317 2612 1476 2695 μέγα
1503 2613 1698 2695 τέρας,
1722 2614 2009 2693 δηλονότι
2028 2616 2160 2679 οἷον
2179 2614 2282 2678 οὐκ
2313 2615 2491 2680 ἀλλο.
2532 2616 2654 2681 ἀπὸ

345 2719 451 2777 τοῦ
482 2715 560 2778 ἔω
584 2712 654 2777 τὸ
676 2713 927 2799 ὑπάρχω
952 2716 1091 2779 ἐτόν
1115 2715 1291 2795 ἔητον
1312 2714 1499 2795 ἄητον
1521 2718 1618 2779 καὶ
1642 2716 2075 2801 προ<σ>θέσει
2105 2723 2212 2782 τοῦ
2233 2721 2265 2782 ἶ
2291 2719 2608 2797 ’(αἵητον·”

345 2817 403 2882 οἳ
436 2817 504 2882 δέ
533 2825 729 2900 φασιν
762 2823 798 2853 “
817 2821 1027 2899 αἴητον
1042 2817 1078 2842 ”
1111 2818 1181 2881 τὸ
1208 2817 1517 2899 μέγιστον,
1551 2820 1684 2883 οἷον
1712 2818 1750 2897 ἡ
1786 2824 1867 2901 γῆ
1899 2818 2019 2883 ἀπὸ
2050 2825 2155 2883 τοῦ
2189 2821 2293 2883 αἶα
2320 2820 2358 2899 ἡ
2390 2825 2470 2904 γῆ
2501 2821 2636 2893 Α-ί-

429 2940 574 3000 411.
619 2918 877 3010 ῥώοντο]
912 2924 1215 2986 ἐκινοῦντο
1473 2923 1623 2999 418.
1674 2918 1974 3009 νεήνισιν]
2007 2922 2324 3004 νεωτέραις

430 3044 581 3103 421.
629 3025 981 3110 ἐποίπνυον]
1014 3024 1319 3108 ἐνήργουν,
1349 3026 1710 3106 ἐπορεύοντο
1763 3058 1775 3068 ·
2682 3038 2758 3111 23

428 3147 579 3215 432.
629 3128 903 3212 ἀλλάων]
935 3134 1055 3193 τῶν
1084 3134 1319 3194 λοιπῶν
1580 3124 1840 3215 ἁλιάων]
1879 3132 2000 3192 τῶν
2030 3130 2390 3194 θαλασσίων

407 3234 573 3311 ’446.
620 3232 860 3316 ἔφθιεν]
886 3232 1096 3312 ἔτηκεν

428 3337 576 3415 460.
622 3333 685 3424 ὅ]
719 3337 790 3403 ὅς
1050 3332 1371 3423 ἀπώλεσε]
1402 3342 1615 3401 τοῦτον

428 3454 579 3520 470.
625 3437 1034 3528 χοάνοισ<ι>]
1068 3446 1194 3507 τοῖς
1222 3442 1649 3525 χωνευτηρίοις

430 3558 580 3624 471.
627 3540 992 3631 εὔπρηστον]
1028 3543 1372 3625 εὗφύσητον
2681 3576 2758 3632 30

426 3664 508 3727 47
519 3665 576 3713 2.
622 3646 1023 3730 παρέμμεναι]
1052 3645 1184 3726 ἤτοι
1216 3651 1616 3727 συμπαρεῖναι

427 3764 579 3831 474.
628 3750 894 3833 ἀτειρέα]
924 3757 1031 3815 τὸν
1061 3751 1517 3830 ἀκαταπόνητον

425 3854 577 3932 480.
623 3849 954 3941 τρίπλακα]
986 3855 1283 3937 τρίπτυχα
1313 3852 1447 3916 B=
1722 3851 2102 3944 μαρμαρέην]
2137 3858 2525 3938 στίλβουσαν

630 3958 976 4041 τελαμῶνα]
1009 3956 1320 4040 ἀναφορέα

425 4060 575 4138 486.
620 4058 870 4148 Ὑάδας]
927 4061 1122 4145 ἄστρα
1164 4064 1300 4126 τινὰ
1347 4063 1591 4142 κείμενα
1635 4063 1906 4142 πλησίον
1949 4069 2068 4129 τῶν
2114 4065 2461 4146 Πληιάδων,
2491 4064 2530 4145 ἢ
2572 4066 2650 4133 ὦς
2678 4090 2757 4151 35

339 4165 579 4228 ἐοικότα
606 4163 687 4248 τῷ
716 4168 773 4225 Τ
799 4162 837 4243 ἢ
870 4164 949 4231 ὣς
980 4163 1340 4245 σημαντικαὶ
1368 4172 1619 4252 βροχῶν
1651 4165 1770 4232 ἀπὸ
1804 4172 1909 4231 τοῦ
1937 4169 2021 4232 ὕω
2053 4174 2122 4232 τὸ
2150 4167 2355 4253 βρέχω
2383 4168 2517 4240 Α-ί-

424 4268 574 4346 488.
619 4268 660 4347 ἥ
711 4265 765 4331 τ’
813 4267 995 4332 αὐτοῦ
1044 4267 1401 4359 στρέφεται]
1457 4270 1595 4355 περὶ
1645 4271 1753 4337 τὸν
1802 4272 2056 4355 βόρειόν
2106 4274 2241 4337 ἐστι
2298 4274 2495 4339 πόλον
2554 4271 2650 4340 ἀεὶ

340 4370 676 4453 φαινομένη

424 4474 575 4559 489.
622 4473 1269 4565 ἄμμορος-λοετρῶν]
1304 4477 1436 4541 ἀντὶ
1470 4483 1576 4541 τοῦ
1605 4478 1820 4546 ἄδυτος

404 4599 454 4650 6.
488 4599 645 4665 ἠλίτφ
681 4606 714 4681 ΙΙ.
739 4602 968 4665 supplevi
1002 4618 1066 4651 ex
1098 4604 1150 4651 A
1188 4608 1209 4662 ΙΙ
1251 4617 1326 4665 13.
1358 4601 1547 4653 ἔλθοιεν
1579 4606 1772 4684 scripsi,
1798 4611 1854 4655 at
1884 4621 2085 4670 prox-uu·
2121 4608 2347 4657 incertae
2378 4607 2581 4659 littera
2622 4614 2645 4669 ΙΙ

345 4681 423 4717 21.
457 4665 599 4732 τέρας
621 4667 1010 4732 ncnpeiexpr.:
1044 4665 1314 4734 Bbposlegi
1351 4673 1371 4728 ΙΙ
1410 4667 1489 4732 36.
1523 4672 1725 4733 βροχων
1746 4671 1950 4736 scripti:
1983 4673 2108 4733 Epo*
