3298 5195
666 321 799 386 540
1484 325 1827 386 ιΛιΑΔοΣ
1875 322 1950 386 Ξ.
1994 312 2168 406 (14)

755 507 903 578 351.
952 490 1274 583 στιλπναί]
1310 494 1702 575 στίλβουσαι,
1731 493 2010 575 λαμπραί

651 642 696 689 0
754 598 902 683 362.
951 597 1056 663 τὸν
1086 594 1186 685 δέ]
1220 597 1328 662 τὸν
1358 602 1723 662 Ποσειδῦνα

754 700 903 787 381.
949 698 1240 790 ἄμειβον]
1274 701 1699 786 ἥλ<λ>ασσον
1961 697 2108 785 386.
2155 699 2237 784 τῷ
2269 692 2364 786 δέ]
2398 698 2480 783 τῷ
2511 698 2648 780 ἄορι

755 802 902 890 387.
946 804 1086 873 δέος
1134 805 1377 889 ἰσχάνει
1437 800 1688 893 ἄνδρας]
1752 805 2078 883 πεποίηται
2134 804 2252 885 γᾶρ
2303 803 2391 868 είς
2450 803 2680 883 φόβον,
2730 801 2847 867 οὐκ
2903 804 2997 869 είς

600 918 638 977 5
666 910 861 990 φόνον

750 1031 900 1091 404.
947 1008 1052 1101 τῇ]
1085 1013 1240 1077 ὅπου
1268 1010 1408 1075 A=
1680 1005 2026 1099 τελαμῶνε]
2062 1011 2122 1074 οἱ
2152 1011 2487 1092 ἀναφορεῖς

748 1134 898 1201 413.
946 1111 1198 1204 ἔσσευε]
1230 1115 1511 1194 ἐκίνησεν

748 1239 898 1299 414.
942 1215 1153 1308 ῥιπῆς]
1188 1225 1474 1301 κεραυνοῦ
1737 1212 2016 1306 ἐξερίπῃ]
2050 1216 2207 1303 πέσῃ

748 1336 897 1403 415.
944 1319 1172 1410 θεείου]
1206 1323 1287 1390 ὥς
1546 1337 1699 1404 427.
1747 1323 1814 1388 εὖ
1843 1318 2172 1409 ἀκήδεσεν]
2207 1320 2391 1387 αὐτοῦ
2419 1321 2726 1403 ἠμέλησεν

563 1444 637 1485 ιο
749 1424 899 1512 438.
945 1423 1174 1516 πλῆτο]
1209 1428 1613 1507 ἐπλησίασεν,
1645 1425 2124 1509 προσεπελάσθη

748 1549 898 1612 444.
941 1526 1312 1619 Ἠνοπίδην]
1348 1531 1455 1596 τὸν
1483 1530 1615 1596 υἱὸν
1639 1528 1916 1597 Ἤνοπος

747 1634 896 1713 460.
945 1631 1162 1723 πέσεν]
1202 1637 1236 1698 6
1267 1633 1636 1718 Προθοήνωρ
1899 1630 2075 1723 ἄγχι]
2111 1636 2381 1715 πλησίον

746 1739 897 1825 463.
949 1734 1341 1825 <λικριφίς>]
1389 1736 1524 1818 ἤτοι
1564 1739 1861 1822 πλαγίως,
1894 1737 2014 1801 ἀπὸ
2057 1741 2165 1800 τοῦ
2208 1738 2353 1802 λίαν
2396 1736 2493 1802 καὶ
2536 1742 2642 1800 τοῦ
2689 1740 2986 1820 κρυφίως,

664 1843 815 1907 κατὰ
843 1842 1074 1924 τροπὴν
1102 1847 1208 1906 τοῦ
1238 1846 1274 1906 ὗ
1301 1846 1529 1924 μακροῦ
1560 1843 1647 1909 είς
1680 1836 1923 1930 βραῘχύ
1950 1840 1984 1908 ἶ
2006 1838 2026 1927 j
2046 1839 2110 1903 A
2129 1872 2168 1890 ν

560 1958 632 2020 ¹5
747 1944 1027 2029 κόμισεν]
1058 1945 1168 2025 τὴν
1198 1948 1350 2027 κῆρα

746 2049 896 2130 467.
940 2043 1130 2136 ῥῖνες]
1164 2050 1245 2135 τῷ
1277 2049 1660 2133 πληθυντικῷ
1693 2049 1827 2114 ἀντὶ
1856 2052 1963 2113 τοῦ
1992 2052 2191 2113 ἑνικοῦ
2224 2045 2530 2131 ἐχρήσατο

744 2151 893 2232 484.
940 2149 1054 2240 τῷ]
1089 2154 1184 2217 διό
1440 2152 1594 2236 485.
1642 2152 1835 2234 ἅρεως
1865 2148 2167 2239 ἀλκτῆρα]
2203 2154 2396 2234 φόνου
2425 2154 2684 2246 τιμωρόν

744 2268 896 2340 495.
944 2251 1128 2344 ἰνίου]
1161 2260 1266 2319 τοῦ
1295 2261 1505 2337 νευροῦ
1765 2270 1916 2337 497.
1965 2250 2303 2342 ἀπήραξεν]
2339 2252 2697 2333 ἀπετίναξεν

743 2378 894 2445 499·
941 2355 1060 2447 φή]
1101 2359 1180 2426 ὦς
1441 2372 1589 2442 501.
1638 2355 1979 2448 εἰπέμεναι]
2016 2363 2221 2424 εἴπατε
2251 2358 2390 2420 A:

787 2613 840 2648 U

552 2735 631 2776 20
1409 2677 1422 2688 ⁶
1772 2714 1848 2773 0,

753 2871 849 2917 10.
913 2857 1024 2936 κῆρ
1085 2853 1471 2942 ἀπινύσσων]
1538 2854 1877 2935 ἐξεστηκὼς
1935 2856 2005 2941 τῇ
2067 2855 2240 2941 ψυχῇ
2303 2853 2402 2918 καὶ
2460 2854 2530 2918 οὗ
2587 2855 2975 2936 διακείμενος

663 2962 940 3030 συνετῶς,
974 2959 1140 3022 ἀλλὰ
1170 2958 1472 3026 ἀσυνέτως
1500 2958 1637 3022 Α-

745 3079 845 3144 19.
891 3057 1184 3148 ἄκμονας]
1220 3063 1473 3129 κανόνας
1504 3062 1603 3126 καὶ
1630 3060 1897 3145 ῥάβδους

897 3161 1045 3251 ἦκα]
1079 3163 1359 3230 ἐτάνυσα·
1414 3166 1546 3245 ἴημι
1576 3164 1645 3229 τὸ
1687 3166 1903 3244 τανύω,
1937 3167 1971 3230 6
1996 3164 2248 3247 μέλλων
2276 3165 2428 3246 ἥσω,
2460 3167 2493 3229 6
2525 3166 2969 3247 παρακείμενος

549 3297 579 3337 2
590 3292 623 3352 5
653 3271 691 3303 ιε
709 3267 827 3348 ἦκα
840 3265 878 3293 ”

743 3389 843 3456 23.
888 3371 958 3436 τὸ
1003 3371 1376 3456 “τεταγῶν”
1421 3372 1838 3454 μετάπλασις·
1894 3374 2126 3453 ὤφειλε
2169 3375 2285 3457 γὰρ
2324 3373 2604 3455 τεταγῶς.
2676 3374 2966 3452 σημαίνει

648 3477 718 3541 δὲ
748 3476 818 3541 τὸ
846 3477 1166 3543 τετινακῶς
1192 3477 1291 3541 καὶ
1310 3475 1570 3556 τινάξας.
1619 3479 1992 3556 κανονίζεται
2016 3480 2081 3542 δὲ
2099 3479 2306 3543 οὕτως·
2341 3475 2630 3555 τινάσσω,
2655 3478 2689 3541 6
2710 3474 2965 3557 μέλλων

650 3579 890 3661 τινάξω,
925 3583 959 3646 6
989 3583 1425 3663 παρακείμενος
1456 3584 1764 3665 τετίναχα,
1797 3585 1831 3646 ὁ
1858 3582 2048 3661 μέσος
2094 3582 2378 3660 τετίναγα
2422 3582 2523 3647 καὶ
2566 3583 2635 3647 ἐν
2678 3582 2960 3668 συγκοπῇ

648 3682 887 3767 τέταγα,
918 3683 955 3762 ἡ
987 3685 1220 3768 μετοχὴ
1253 3686 1287 3749 6
1318 3685 1584 3770 τεταγῶς
1615 3686 1715 3750 καὶ
1747 3687 1898 3749 κατὰ
1923 3683 2313 3765 μετάπλασιν
2344 3690 2381 3719 “
2401 3684 2668 3767 τεταγῶν
2683 3682 2720 3707 ”

544 3816 622 3875 30
741 3806 841 3867 24.
889 3785 1057 3877 ἀνίη]
1092 3792 1205 3863 εἴα,
1239 3791 1684 3869 κατελίμπανεν

740 3905 840 3973 25.
888 3892 1144 3976 συνεχές
1173 3891 1466 3977 λέγουσιν
1496 3897 1555 3958 οἱ
1582 3891 1832 3976 ῥήτορες
1864 3898 1934 3956 τὸ
1962 3892 2045 3972 μὴ
2079 3893 2165 3957 είς
2198 3890 2347 3972 μέρη
2391 3892 2490 3955 καὶ
2525 3890 2761 3975 (κατὰ)
2801 3889 2955 3973 μέρη

650 3997 738 4072 ὅν,
753 3994 937 4058 ἀλλὰ
965 3995 1031 4060 ἐν
1061 4021 1120 4060 τι
1152 3997 1251 4061 καὶ
1279 3998 1651 4076 μονώτατον·
1716 3996 1917 4081 διεχές
1962 3998 2026 4061 δὲ
2072 4001 2141 4058 τὸ
2177 3994 2625 4078 κεχωρισμένον
2669 3995 2789 4058 ἀπὸ
2833 4000 2959 4059 τῶν

648 4098 860 4165 ἀλλων
900 4097 999 4163 καὶ
1029 4101 1114 4165 εἰς
1150 4099 1302 4182 μέρη
1341 4099 1792 4182 μεμερισμένον·
1840 4100 2080 4184 ἀδιεχές
2119 4099 2225 4163 ουν
2255 4099 2475 4164 λοιπὸν
2517 4099 2588 4164 τὸ
2630 4124 2712 4178 μη
2761 4123 2957 4182 κεχω-

647 4202 955 4286 ρισμένον,
1001 4205 1167 4268 ἀλλα
1209 4204 1280 4268 τὸ
1326 4207 1459 4269 οἷον
1503 4205 1569 4269 ἔν
1616 4230 1674 4269 τι
1718 4203 1792 4268 ὃν
1837 4205 1935 4272 καὶ
1976 4205 2350 4286 μονώτατον·
2413 4202 2760 4284 συναιρέσει
2804 4202 2959 4285 γοῦν

543 4332 619 4393 35
649 4312 755 4371 τοῦ
785 4309 818 4372 ἴ
848 4309 947 4374 καὶ
977 4320 1006 4372 ἓ
1039 4311 1125 4376 είς
1156 4319 1195 4387 ῆ
1226 4309 1328 4393 γίν
1331 4334 1459 4374 εται
1491 4307 1733 4392 ἀδηχές·
1784 4311 1917 4375 ἐπεὶ
1939 4312 2003 4374 δὲ
2024 4310 2208 4389 οἶδας,
2229 4307 2323 4372 ὅτι
2346 4307 2415 4372 τὸ
2448 4308 2489 4385 ζ
2507 4307 2607 4371 καὶ
2637 4305 2706 4370 τὸ
2737 4293 2769 4370 6
2802 4331 2952 4388 συγ-

649 4410 891 4495 γένειαν
935 4413 1166 4497 ἔχουσι,
1199 4411 1478 4496 τρέπεται
1522 4411 1592 4476 τὸ
1638 4417 1671 4477 6
1719 4416 1806 4480 είς
1853 4414 1893 4491 ζ
1929 4413 2028 4478 καὶ
2056 4413 2287 4495 γίνεται
2317 4409 2593 4494 ’ἀζηχέθ

895 4625 969 4660 12.
1005 4613 1032 4661 ὁ
1056 4614 1263 4677 scripsi:
1298 4613 1360 4662 ὡς
1399 4618 1418 4671 Η
1463 4627 1535 4676 13.
1561 4620 1825 4679 ‘perverse
1846 4614 2000 4665 schol.
2029 4610 2257 4676 κρὺπτειν
2279 4629 2368 4677 pro
2390 4610 2608 4662 κύπτειν
2633 4612 2699 4660 W
