3298 5195
640 337 768 400 558
1445 339 1788 400 ιΛιΑΔοΣ
1834 340 1901 399 ψ.
1950 335 2123 421 (23)

729 507 874 592 338.
921 510 987 573 ἐν
1017 510 1100 594 τῷ
1145 513 1448 591 καμπτῆρί
1491 534 1589 573 σοι
1636 509 1673 572 ὁ
1717 507 2030 590 ἀριστερὸς
2074 508 2259 574 ἵππος
2304 507 2490 573 οὕτως
2535 506 2954 586 ἐμπελασάτω

643 610 928 692 ἀκριβῶς,
960 614 1120 678 ὥστε
1150 614 1262 694 τὴν
1291 611 1516 693 ἔξωθεν
1545 610 1936 693 περιφέρειαν
1966 616 2071 675 τοῦ
2101 617 2322 693 τροχοῦ
2366 610 2539 691 δόξαι
2567 612 2796 693 ψαύειν
2837 615 2952 689 τῆς

641 715 985 795 χοινικίδος·
1033 720 1209 780 τοῦτο
1239 719 1305 781 δὲ
1328 715 1595 799 πάσχειν
1617 720 1787 781 δοκεῖ
1815 717 1849 779 ὁ
1878 716 2043 796 παρὰ
2069 722 2175 780 τὸν
2205 717 2522 795 καμπτῆρα
2548 715 2773 798 τροχός
2792 714 2940 777 A=

727 835 874 902 339·
920 820 1194 903 πλῆμνη]
1227 822 1297 906 Τῇ
1327 823 1611 905 χοινικίδι
1872 837 2022 903 340.
2068 816 2380 901 ἐπαυρεῖν]
2408 823 2652 901 ψαῦσαι

575 944 611 1001 5
726 922 872 1007 348.
919 924 1083 1007 τούς]
1113 928 1335 990 ἵππους
1597 935 1746 1008 350.
1792 922 2075 1005 πείρατα]
2106 924 2181 986 τὰ
2211 921 2359 1000 τέλη

725 1022 871 1110 358.
915 1026 1204 1110 τέρματα]
1234 1028 1342 1094 τὸν
1369 1030 1638 1107 καμπτόν
1901 1026 2051 1111 367.
2092 1027 2244 1107 μετὰ
2268 1024 2510 1113 πνοιῇς]
2543 1026 2610 1091 ἐν
2634 1029 2768 1092 ταῖς

724 1144 872 1215 374.
918 1130 1042 1213 ἄψ]
1073 1132 1162 1197 είς
1194 1128 1464 1194 τούπίσω

724 1232 873 1319 376.
918 1232 1331 1316 Φηρητιάδαο]
1362 1233 1739 1316 Φερητιάδαο
1768 1237 1874 1297 τοῦ
1906 1232 2188 1314 Εὐμήλου

725 1350 873 1422 377.
915 1335 1348 1421 μετεξέφερον]
1381 1336 1710 1420 ἐπέτρεχον
1973 1338 2121 1420 380.
2166 1337 2376 1425 πνοιῇ]
2405 1343 2525 1402 τᾶν
2550 1339 2754 1402 ἵππων

535 1463 611 1505 10
725 1441 874 1527 387.
920 1440 1360 1523 ἐβλάφθησαν]
1392 1440 1878 1520 ἐνεποδίσθησαν

724 1544 873 1629 388.
920 1547 1226 1626 ἐλεφαίρω
1255 1542 1326 1608 τὸ
1356 1544 1564 1607 ἀπατῶ
1602 1545 1767 1624 παρὰ
1803 1544 1871 1605 τὸ
1914 1546 2084 1608 ἔλπω
2117 1546 2387 1627 ἐλπαίρω
2418 1546 2804 1628 παραγωγόν,
2842 1544 2953 1610 καὶ

636 1650 1005 1734 πλεονασμῷ
1037 1653 1142 1713 τοῦ
1171 1659 1201 1713 ἓ
1232 1649 1332 1714 καὶ
1375 1648 1566 1735 τροπῇ
1611 1652 1719 1711 τοῦ
1764 1647 1810 1709 3·
1849 1650 1936 1714 εἷς
1980 1636 2031 1729 φ
2076 1649 2402 1731 ἐλεφαίρω,
2433 1649 2646 1730 κυρίως
2688 1654 2759 1712 τὸ
2805 1654 2950 1716 ταῖς

635 1752 887 1818 ἐλπίσιν
916 1753 1153 1817 ἀπατᾶν

926 1855 1405 1939 ἐλεφηράμενος]
1436 1855 1511 1921 δι’
1544 1854 1775 1936 ἀπάτης
1803 1855 2062 1939 βλάψας
2092 1855 2300 1918 Α--Β
2323 1892 2365 1910 .-

536 1974 608 2035 15
724 1975 871 2043 392.
918 1956 1053 2043 ἦξε]
1085 1960 1348 2024 ἔκλασεν
1609 1977 1757 2044 393.
1804 1959 2065 2042 ἐλύσθη]
2094 1960 2547 2041 προσειλκύσθη

900 2062 1382 2147 (ἐξεκυλίσθη>]
1428 2064 1550 2129 ἀπὸ
1607 2067 1718 2127 τοῦ
1769 2065 1915 2129 είλω
1968 2063 2172 2141 εῖλύω,
2231 2062 2538 2129 ἀπελάσει
2595 2068 2702 2127 τοῦ
2745 2065 2772 2125 ῖ
2820 2086 2949 2129 rec.

636 2166 1025 2249 συνεστράφη
1057 2173 1188 2233 ταῖς
1219 2167 1415 2246 ἡνίαις
1445 2187 1566 2231 ree.

722 2283 869 2355 395·
915 2271 1317 2354 περιδρύφθη]
1349 2270 1570 2350 ἐξέσθη
1836 2272 1986 2356 396.
2033 2270 2361 2355 θρυλίχθη]
2392 2273 2693 2353 ἐθραύσθη
2718 2271 2862 2335 A=

717 2392 867 2457 403.
915 2375 1110 2458 σφῶι]
1138 2376 1292 2454 ὑμᾶς
1320 2374 1534 2441 αὐτούς

532 2499 609 2541 20
720 2496 872 2562 409.
918 2478 1239 2560 λείπεσθε]
1268 2478 1610 2558 ὑστερίζετε
1904 2476 2215 2561 φέριστοι]
2247 2476 2294 2542 ὦ

721 2599 798 2659 41
814 2599 870 2647 1.
916 2576 1150 2668 σφῶιν]
1183 2583 1322 2661 ὑμῖν
1348 2581 1412 2644 Α
1429 2594 1484 2653 4

721 2687 871 2762 418.
919 2685 1133 2768 ὀλίγον
1159 2686 1412 2769 χρόνον]
1443 2686 1543 2750 διὰ
1573 2691 1644 2750 τὸ
1675 2685 1835 2750 πολὺ
1861 2690 2051 2769 γῆρας
2080 2707 2196 2751 rec.

721 2805 873 2867 424.
909 2790 1320 2873 παρακλίνας]
1351 2787 1707 2870 πλησιάσας

720 2912 871 2970 440.
917 2888 1162 2980 ἔτυμον]
1196 2895 1436 2973 ἀληθῶς
1698 2892 2069 2975 πεπνῦσθαι]
2102 2893 2395 2976 σώφρονα
2425 2895 2581 2960 εἶναι
2611 2917 2732 2960 ree.

531 3012 608 3071 25
720 3015 873 3075 441.
918 2998 1170 3081 ἄεθλον]
1200 3004 1271 3061 τὸ
1302 2999 1571 3063 ἔπαθλον

719 3113 868 3182 454.
914 3101 1127 3185 τόσον]
1160 3103 1309 3166 ὅλον
1342 3101 1396 3164 Β
1415 3116 1468 3172 4
1747 3101 1986 3185 φοῗνιξ]
2018 3105 2239 3185 πυρρός
2265 3102 2404 3166 A=

720 3219 875 3287 459.
921 3204 1293 3287 παροίτεροι]
1326 3206 1670 3286 ἔμπροσθεν
1929 3203 2080 3284 481.
2126 3206 2380 3291 εὔληρα]
2409 3206 2641 3290 χαλινά

719 3305 872 3388 484.
917 3307 1181 3391 ἀπηνής]
1214 3311 1481 3390 σκληρός
1744 3324 1891 3393 520.
1937 3308 1971 3374 δ
2001 3308 2096 3394 δέ]
2129 3312 2163 3374 ὁ
2192 3312 2412 3396 τροχός

721 3422 869 3496 523.
917 3411 1234 3496 δίσκουρα]
1265 3411 1398 3491 ἤτοι
1427 3419 1823 3494 περιορισμὸν
1852 3413 2066 3478 δίσκου

528 3533 609 3592 30
722 3527 873 3598 544.
918 3514 1171 3598 ἄεθλον]
1202 3514 1271 3580 τὸ
1302 3516 1573 3583 ἔπαθλον
1832 3528 1980 3601 553.
2027 3515 2164 3600 τήν]
2194 3517 2304 3597 τὴν
2332 3519 2523 3582 ἵππον

720 3615 869 3702 587.
914 3619 1174 3703 ἄνσχεο]
1206 3619 1482 3705 ἀνάσχου
1743 3621 1892 3707 589.
1935 3619 2340 3709 ὑπερβασίαι]
2374 3623 2784 3703 ὕπερηφανίαι

721 3735 869 3807 590.
915 3722 1082 3804 νόος]
1113 3722 1293 3786 αὐτοῦ
1552 3721 1778 3806 λεπτή]
1810 3723 2070 3802 ἀσθενής

720 3825 872 3911 598.
919 3824 1130 3908 ἐέρση]
1162 3826 1381 3906 δρόσος
1642 3828 1791 3912 609.
1838 3826 1960 3910 τοί]
1992 3827 2099 3889 σοί

722 3929 875 4013 613.
920 3926 954 3992 δ
986 3927 1081 4010 δέ]
1113 3930 1146 3992 ὁ
1179 3928 1497 3997 Μενέλαος
1759 3930 1906 3995 618.
1951 3929 2051 4012 τῆ]
2081 3928 2244 4011 λαβέ

530 4051 607 4112 35
722 4034 871 4098 622.
917 4031 1302 4114 ἀκοντιστύν]
1333 4033 1608 4098 ἀκοντίου
1639 4035 1846 4117 ἀγῶνα

720 4136 868 4222 630.
914 4134 1214 4217 κρείοντα]
1250 4135 1526 4216 βασιλέα

720 4238 869 4325 638.
912 4240 1302 4323 Ἀκτορίωνε]
1334 4242 1392 4303 οἱ
1425 4241 1524 4305 καὶ
1556 4244 1920 4307 Μολιονίδαι

721 4345 864 4431 639.
908 4342 1208 4425 βαλόντε]
1239 4342 1343 4407 δύο
1373 4343 1490 4425 γὰρ
1521 4342 1681 4423 ἦσαν
1941 4347 2089 4431 643.
2136 4346 2244 4429 ὥς]
2275 4350 2461 4414 οὕτως

718 4449 868 4530 652.
912 4445 1197 4530 ἐπέκλυε]
1226 4445 1451 4526 ἤκουσε
1711 4448 1857 4535 653.
1903 4450 2278 4534 πυγμαχίης]
2310 4453 2605 4535 πυγμικῆς

703 4596 780 4631 u.
812 4580 1004 4645 ἐλπῆρω
1035 4588 1057 4641 n
1092 4594 1166 4642 ¹3·
1190 4581 1462 4630 ἀπατᾶσθαι
1487 4583 1589 4647 legi
1625 4589 1646 4643 n
1678 4582 1755 4634 16.
1776 4586 2021 4650 tum-ipa:
2045 4586 2080 4649 ἤ
2104 4591 2126 4646 ΙΙ
2153 4600 2232 4649 3²·
2255 4586 2323 4637 ad
2345 4604 2393 4638 v.
2419 4601 2517 4653 594
2538 4589 2941 4653 nuper-criptum

630 4645 783 4706 πρός
817 4646 1007 4704 omi-iu
1045 4647 1125 4707 38.
1157 4644 1526 4700 βαλόντεκαε
1560 4663 1724 4711 -εςρτ,
