3298 5195
626 310 760 374 534
1435 314 1779 375 1A1AA02
1823 315 1901 374 N.
1946 308 2126 396 (13)

714 482 817 545 66.
862 478 1052 570 τοΐιν]
1085 483 1151 547 ἑκ
1182 482 1410 548 τούτων

714 604 820 671 90.
863 582 1326 675 μετεισάμενος]
1359 586 1511 668 πρὸς
1539 585 1753 655 αὐτοὺς
1783 588 2169 669 ἀφικόμενος,
2198 583 2237 666 ἢ
2266 589 2680 668 μεταβληθείς

721 708 863 776 103.
907 687 1110 778 θῶων]
1144 697 1265 756 τῶν

908 800 943 829 “
966 792 1123 874 ἥια”
1156 798 1233 859 τὰ
1274 795 1571 876 βρώματα
1614 796 1692 858 τὰ
1735 796 1801 858 ἐκ
1847 795 2069 880 τάχους
2111 800 2316 860 ποδῶν
2359 793 2506 875 ἡμῖν
2545 796 2932 879 ποριζόμενα,

564 911 601 973 5
629 897 779 961 κατᾶ
819 897 1068 963 ἔκτασιν
1106 903 1214 961 τοῦ
1241 907 1275 962 ἰ’
1315 894 1593 963 Ἰωνικῶς
1632 893 1832 975 “fictu''
1862 899 1964 963 ἵνα
2005 896 2045 985 ᾖ
2081 899 2245 979 παρὰ
2275 896 2344 961 τὸ
2386 900 2458 962 1oe
2499 898 2569 961 τὸ
2605 900 2938 981 πορεύομαι

632 1004 727 1066 ἴον
756 1005 826 1065 τὸ
857 1007 1077 1083 βρῶμα
1108 1001 1206 1065 καὶ
1234 1000 1372 1079 ἤιον
1401 998 1681 1067 Ἰωνικῶς
1710 1000 1808 1064 καὶ
1834 1002 1904 1065 τὸ
1934 1005 2344 1081 πληθυντικὸν
2371 1006 2407 1036 “
2425 1000 2532 1080 ἤια
2550 1000 2585 1025 ”
2618 1003 2681 1065 Α
2698 1019 2751 1073 -1-

721 1123 863 1184 104.
908 1101 1299 1192 ἦλάσκουσα]
1335 1105 1464 1168 ἀλῶ
1492 1103 1708 1168 ἀλάσω
1740 1105 1990 1170 ἀλάσκω
2021 1106 2119 1171 καὶ
2148 1105 2340 1192 τροπῇ
2372 1109 2479 1169 τοῦ
2506 1115 2542 1183 ῆ
2573 1104 2826 1184 ἦλάσκω

720 1220 862 1288 125.
911 1203 1299 1296 κελευτιόων]
1334 1208 1894 1290 παρακελευόμενος
2021 1210 2159 1277 128.
2207 1204 2537 1294 Ἀθηναίη]
2569 1208 2939 1293 ἧφρόνησις

720 1329 863 1396 130.
900 1307 1326 1400 προθελύμνῳ]
1362 1310 1697 1396 ἑπαλλήλφ

527 1433 603 1475 10
721 1433 863 1501 134.
910 1411 1320 1501 ἐπτύσσοντο]
1355 1417 1444 1482 είς
1474 1413 1690 1480 ταύτὸν
1721 1410 2095 1495 συνήρχοντο

721 1536 862 1604 137.
911 1515 1335 1609 ὀλοοίτροχος]
1375 1520 1551 1586 λίθος
1596 1517 1927 1600 περιφερὴς
1972 1517 2006 1580 ὁ
2050 1518 2119 1582 ἐν
2153 1518 2238 1603 τῷ
2285 1518 2525 1602 τρέχειν
2568 1518 2769 1595 ὀλοός,
2799 1516 2940 1581 ἐπεὶ

630 1623 1118 1705 καταφερόμενος
1149 1626 1271 1689 πᾶν
1300 1623 1369 1687 τὸ
1399 1625 1701 1703 ἐμπῖπτον
1730 1619 2005 1702 βλάπτει
2033 1620 2097 1683 Α
2114 1634 2168 1691 4-

721 1744 863 1805 141.
911 1723 1202 1815 ἔμπεδον]
1238 1731 1509 1810 συνεχῶς
1714 1740 1857 1809 159.
1902 1720 2250 1812 τιτύσκετο]
2283 1723 2763 1809 κατεστοχάζετο
2784 1722 2926 1787 A:

719 1829 862 1914 163.
910 1826 1118 1918 σχέθ’]
1152 1830 1461 1895 ἑκῶλυσεν
1728 1827 1870 1891 168.
1918 1824 2268 1917 οἰσόμενος]
2302 1831 2574 1909 κομίσων
2601 1826 2736 1899 Α-Ι-

529 1950 601 2010 15
724 1934 865 2016 178.
908 1929 1121 2022 μελίη]
1163 1933 1322 2000 εἶδος
1360 1931 1607 2014 δένδρου

723 2057 863 2123 199.
907 2033 1176 2126 ῥωπήια]
1216 2039 1274 2101 οἱ
1314 2037 1510 2114 τόποι,
1540 2037 1690 2100 ἔνθα
1734 2034 1992 2117 φύονται
2033 2037 2248 2118 ῥῶπες,
2280 2033 2537 2118 ξυλάριά
2581 2060 2717 2100 τινα
2759 2032 2937 2098 δυνά-

625 2166 780 2222 μενα
806 2140 997 2226 ῥέψαι
1027 2140 1151 2222 ἅμα
1181 2141 1263 2226 τῷ
1299 2142 1593 2222 κρατῆσαι
1625 2136 1725 2204 καὶ
1754 2143 1958 2203 κλῖναι

719 2264 864 2313 200.
907 2241 1337 2333 γαμφηλῇσιν]
1372 2249 1504 2311 ταῖς
1535 2245 1822 2327 σιαγόσιν
1992 2260 2136 2309 202.
2185 2237 2491 2331 κεφαλήν]
2524 2246 2630 2307 τοῦ
2657 2240 2939 2324 Ἰμβρίου

720 2368 863 2435 203.
910 2345 1361 2437 Ἀμφιμάχοιο]
1394 2345 1540 2427 ὑπέρ
1720 2364 1862 2413 211.
1910 2345 2048 2428 παρ’
2082 2342 2351 2434 ἑταίρου]
2387 2348 2453 2411 ἐκ
2484 2348 2589 2408 τοῦ

527 2473 603 2514 20
913 2448 978 2541 ὅ]
1013 2453 1184 2519 ὅστις
1450 2468 1593 2535 213.
1641 2446 1910 2536 ἔνεικαν]
1944 2451 2240 2527 ἐκόμισαν

720 2574 863 2640 229.
913 2556 950 2620 ὅ
978 2552 1068 2645 οἱ]
1100 2553 1399 2639 γράφεται
1431 2559 1465 2588 “
1490 2551 1645 2618 ὅτε”

721 2671 866 2744 237.
913 2654 1257 2746 συμφερτή]
1291 2655 1747 2739 συμφορωτέρα,
1778 2654 2217 2738 ὠφελιμωτέρα
2354 2651 2627 2743 λυγρῶν]
2659 2655 2940 2721 ἀσθενῦν

721 2758 865 2842 238.
911 2752 1268 2845 ἀγαθοῖσιν]
1300 2760 1428 2824 τοῖς
1459 2756 1758 2838 ἀνδρείοις

720 2879 867 2946 239.
915 2856 1580 2947 καὶ-ἐπισταίμεσθα]
1616 2858 1714 2925 καὶ
1744 2859 1931 2945 avua(
1942 2859 2166 2943 ί>μεθα
2193 2879 2314 2923 reo.

527 2990 603 3051 25
721 2983 866 3045 241.
911 2965 1088 3030 ἕλετο
1127 2964 1218 3045 ἦν,
1251 2965 1350 3029 καὶ
1381 2965 1658 3050 σνγκοπῇ
1690 2963 1852 3039 ἕλτο,
1885 2963 1985 3028 καὶ
2015 2962 2203 3045 τροπῇ
2236 2966 2342 3026 τοῦ
2372 2948 2420 3024 λ
2446 2963 2532 3029 είς
2569 2958 2611 3028 ἷι
2645 2961 2801 3040 ἕντο,
2834 2960 2942 3027 καὶ

631 3068 920 3152 προθέσει
948 3073 1054 3132 τοῦ
1085 3077 1127 3151 γ
1161 3066 1459 3151 “γέντο·”
1508 3066 1642 3131 ἔστι
1673 3068 1740 3131 δὲ
1770 3072 1891 3131 τῶν
1922 3065 2196 3131 Αἰολέων

720 3185 867 3253 252.
913 3167 1044 3260 τεῦ]
1079 3173 1220 3253 περί
1247 3196 1408 3238 τινος
1439 3168 1568 3240 Β-Ι-
1819 3183 1964 3252 257.
2011 3166 2361 3258 οἰσόμενος]
2398 3170 2590 3254 ἑαυτῷ

721 3275 867 3359 276.
911 3271 1273 3362 λεγοίμεθα]
1322 3274 1760 3354 ἀθροιζοίμεθα,
1810 3274 2263 3357 ἑπιλεγοίμεθα.
2309 3270 2347 3351 ἢ
2403 3272 2524 3336 ἀπὸ
2572 3276 2678 3336 τοῦ
2719 3269 2943 3356 λόχου·

636 3380 735 3464 (εἰ
765 3377 1140 3463 λεγοίμεθα)
1170 3380 1256 3445 είς
1286 3376 1497 3461 λόχον,
1530 3375 1671 3440 οὐδέ
1702 3402 1806 3443 κεν
1835 3378 1984 3442 ἔνθα
2011 3374 2149 3441 τεόν
2178 3402 2250 3459 γε
2279 3375 2460 3456 μένος
2490 3371 2676 3463 (287)
2698 3374 2833 3444 Α-Ι-

528 3510 608 3570 30
724 3497 867 3569 279.
912 3484 1167 3549 ἄλλυδις
1202 3477 1401 3570 ἄλλῃ]
1435 3483 1557 3545 ἀπὸ
1586 3480 1786 3545 ἄλλου
1817 3483 1904 3548 είς
1934 3480 2095 3544 ἄλλο
2127 3479 2482 3561 κατάστημα

724 3588 869 3655 286.
916 3585 1074 3651 δαίδι
1105 3587 1203 3651 καὶ
1234 3586 1512 3671 ἀποκοπῇ
1546 3583 1756 3649 “δάι”

724 3692 871 3771 287.
919 3688 1056 3754 οὐδέ
1082 3715 1186 3755 κεν
1215 3684 1391 3777 ἔνθα]
1425 3687 1696 3769 οὗδαμῶς
1958 3683 2189 3775 ὄνοιτο]
2226 3686 2538 3770 μέμψαιτό
2568 3711 2658 3753 τις

722 3796 867 3862 288.
915 3789 1305 3881 πονεύμενος]
1339 3795 1602 3876 ἐνεργῶν

724 3917 870 3983 291.
918 3893 1233 3985 ὀαριστύν]
1268 3896 1722 3981 συνομιλία<ν>
1994 3894 2139 3978 298.
2187 3889 2345 3983 οἶος]
2381 3895 2589 3960 ὁποῖος

529 4029 606 4090 35
723 4021 870 4088 300.
918 3996 1231 4088 ἐφόβησε]
1267 4002 1353 4066 εἰς
1384 4000 1587 4082 φυγὴν
1618 4000 1877 4080 ἔτρεψεν

721 4118 870 4192 307.
919 4099 1292 4191 Δευκαλίδη]
1325 4104 1453 4170 υἱὸς
1485 4102 1909 4167 Δευκαλίωνος
1932 4099 2066 4171 Α-1·

721 4220 869 4296 315.
912 4204 1047 4296 μίν]
1081 4212 1296 4273 τοῦτον

924 4310 1022 4377 καὶ
1052 4312 1389 4391 ἐσσύμενον
1419 4302 1744 4395 πολέμοιο]
1781 4306 1878 4372 καὶ
1904 4308 2051 4372 λίαν
2082 4307 2569 4391 προθυμούμενον
2600 4310 2901 4387 πολεμεῖν

700 4575 745 4624 5.
781 4559 925 4622 τοῧῆ
960 4566 982 4620 11
1022 4556 1210 4607 lmen-{v
1247 4563 1269 4618 u
1308 4556 1355 4606 6.
1390 4555 1577 4604 ἰωνικὸν
1613 4562 1634 4615 11
1675 4567 1718 4619 7.
1751 4554 1857 4603 ἅλω
1893 4559 1913 4614 11
1956 4557 2030 4605 18.
2066 4553 2278 4618 ἔμβρύον
2312 4561 2333 4617 11
2380 4569 2457 4605 22.
2494 4551 2739 4617 σννφερτή
2787 4558 2809 4614 η
2862 4557 2945 4605 28.

632 4624 951 4688 ἇθροιςὼμεθα
987 4628 1008 4684 11
1050 4637 1125 4687 ²9·
1161 4622 1391 4685 supplevi
1413 4637 1474 4670 ex
1499 4623 1548 4669 A
1588 4626 1610 4685 11
1651 4636 1728 4683 3²·
1765 4619 2006 4685 μέμφοιτο
