3298 5195
1076 332 1415 395 ιΛιΑΔοΣ
1468 333 1548 394 Ω.
1595 327 1772 416 (24)
2446 333 2568 396 561

353 518 501 585 407.
549 501 663 586 εἷς]
693 500 982 586 ὑπάρχεις
1241 513 1392 581 417.
1438 496 1811 587 ἀκηδέστως]
1847 502 2267 583 ἀφροντίστως

354 606 499 685 418.
545 599 855 693 αἰσχύνει]
889 603 1103 682 αἰκίζει
1368 603 1584 686 θείοιο]
1619 602 1920 686 γράφεται
1950 609 1984 639 “
2006 603 2232 685 θηοῖο”

356 729 502 794 419.
550 708 729 793 αἷμα]
757 710 830 773 τό

550 809 852 900 νένιπται]
887 810 1242 894 κεκάθαρτοι
1506 831 1658 891 421.
1705 811 1921 897 ἐτύπη]
1951 815 2177 895 ἐτρώθη

354 931 502 1000 425.
550 912 865 1006 ἐναίσιμα]
899 915 1235 996 καθήκοντα
1496 929 1647 1002 453.
1697 913 2116 1005 στραυροῖσιν]
2152 917 2462 1001 σκόλοψιν
2601 940 2635 999 5

352 1036 501 1103 454.
548 1016 1021 1107 ἐπιρρήσεσκον]
1058 1020 1412 1102 ἐπέβαλλον

355 1140 504 1208 514.
552 1120 940 1211 ἀπὸ-ἦλθε]
976 1125 1252 1205 ἀπῆλθεν
1513 1121 1747 1213 ἵμερος]
1781 1129 1884 1190 τοῦ
1916 1128 2152 1192 κλαίειν

354 1246 503 1314 529.
551 1227 840 1312 ἀμμίξας]
871 1226 1182 1308 ἀναμίξας,
1217 1228 1517 1310 συμμίξας

355 1346 501 1415 540.
552 1330 1013 1417 <παναῶριον>]
1041 1329 1080 1412 ἢ
1112 1332 1218 1397 τὸν
1247 1331 1403 1398 πάνυ
1442 1332 1559 1415 πρὸ
1603 1335 1761 1414 ὥρας
1802 1333 2113 1414 μέλλοντα
2157 1335 2501 1412 ἀποθανεῖν,
2531 1331 2570 1414 ἢ

265 1439 372 1502 τὸν
402 1435 817 1519 πανάμορφον,
849 1433 888 1516 ἢ
919 1436 1024 1500 τὸν
1054 1441 1367 1503 παντελῶς
1396 1439 1544 1501 ὄντα
1569 1435 1644 1501 δι’
1679 1437 1835 1518 ὥρας
1863 1436 1998 1516 ἤτοι
2027 1438 2348 1519 φροντίδος
2605 1465 2677 1506 10

353 1554 500 1623 544.
546 1538 823 1622 Λέσβος]
853 1537 891 1619 ἦ
1157 1539 1320 1623 ἕδος]
1351 1538 1420 1604 τό

562 1642 896 1731 (Μάκαρος
924 1642 1132 1726 ἔδος>]
1163 1643 1367 1709 ἔκτισε
1396 1643 1509 1722 τὴν
1545 1641 1797 1725 Λέσβον
1830 1642 2048 1726 Μάκαρ
2081 1645 2114 1707 ὁ
2147 1643 2441 1726 Κρινάκου
2471 1643 2571 1709 καὶ

266 1749 679 1829 ἐβασίλευσεν
707 1747 888 1826 αὐτῆς
915 1746 1053 1809 A:

353 1864 501 1934 551.
551 1852 737 1936 (πρὶν
784 1851 883 1916 καὶ
933 1849 1115 1915 κακὸν
1165 1850 1326 1914 ἄλλο
1380 1847 1746 1938 πάθῃσθα>]
1804 1853 1936 1917 οἶον
1987 1853 2195 1914 πολλὰ
2244 1854 2357 1931 μὲν
2416 1851 2568 1916 κακὰ

265 1954 497 2036 πάθοις,
528 1953 904 2034 ἀναστήσαις
935 1952 986 2018 δ’
1019 1952 1200 2018 αὐτὸν
1231 1953 1521 2035 οὗδαμῶς“
1565 1959 1740 2018 τοῦτο
1769 1956 1886 2039 γὰρ
1917 1953 2209 2027 ἀδύνατον
2239 1954 2296 2016 Α
2316 1967 2369 2023 4
2604 1982 2676 2041 15

351 2071 498 2142 555.
546 2052 769 2144 λῢσον]
803 2058 1094 2137 πώλησον
1354 2069 1522 2141 570..
1551 2057 1880 2140 ἀλίτωμαι]
1912 2063 2170 2140 παραβῶ

351 2163 502 2244 584.
548 2159 859 2244 ἐρύσαιτο]
890 2159 1187 2245 κατάσχοι
1449 2161 1597 2244 589.
1644 2157 1781 2248 τόν]
1816 2159 1923 2225 τὸν
1943 2159 2212 2242 Ἕκτορα

353 2266 493 2331 608.
542 2264 660 2347 φῆ]
692 2265 811 2346 ἔφη
1076 2261 1328 2347 τεκέειν]
1360 2263 1471 2343 τὴν
1505 2264 1681 2342 Λητώ

353 2370 499 2432 616.
545 2365 916 2451 ἐρρώσαντο]
947 2368 1232 2452 ἐχόρευον
1495 2368 1641 2448 617.
1689 2366 1873 2448 κήδεα
1902 2366 2154 2452 πέσσει]
2184 2368 2380 2437 λύπας
2412 2370 2542 2455 ἔχει

352 2473 500 2551 642.
546 2469 902 2554 πεπάσμην]
933 2469 1275 2554 ἐγευσάμην
1537 2471 1686 2549 646.
1733 2468 1946 2559 οὔλας]
1980 2471 2258 2552 μαλακάς
2602 2502 2677 2543 20

560 2569 853 2662 ἕσασθαι]
891 2573 1323 2642 σκεπάσασθαι

353 2681 495 2747 662.
547 2675 927 2768 <ἐέλμεθα>]
959 2679 1080 2744 ἀπὸ
1110 2684 1215 2743 τοῦ
1246 2681 1391 2744 εἷλω
1417 2678 1691 2746 καὶκατὰ
1712 2681 1996 2746 διαλύσιν
2012 2684 2117 2760 τῆς
2148 2681 2204 2747 ἴι
2233 2685 2571 2765 διφθόγγου

265 2788 354 2853 εἰς
382 2785 485 2851 δύο
516 2796 546 2850 ἓ
577 2791 592 2820 ‘
612 2784 813 2849 ἐέλσω
835 2783 852 2809 ’

555 2886 847 2971 ἐέλμεθα]
886 2887 1412 2970 συγκεκλείσμεθα

354 3006 492 3074 720.
547 2988 904 3076 (ἀοιδούς>]
935 2989 1094 3070 ἦσαν
1123 2992 1191 3055 δὲ
1221 2990 1387 3055 οὗτοι
1419 2994 1677 3057 Κλεῖτος
1708 2991 1806 3055 καὶ
1836 2990 2231 3075 ΓΕπι]μήδης
2252 2992 2390 3054 A=
2601 3019 2675 3079 25

353 3112 498 3179 729.
542 3092 903 3177 ἐπίσκοπος]
934 3095 968 3157 ὁ
998 3091 1210 3175 φύλαξ
1237 3096 1342 3173 τῆς
1378 3095 1619 3160 πόλεως
1879 3091 2095 3182 αὐτήν]
2129 3096 2241 3176 τὴν
2270 3097 2453 3160 πόλιν

354 3211 498 3281 755.
540 3191 979 3285 ῥυστάζεσκεν]
1012 3199 1253 3262 εἵλκυεν
1516 3209 1662 3280 757.
1708 3195 1977 3285 ἑρσήεις]
2011 3200 2269 3281 ἀνθηρός
2297 3198 2436 3262 A=

353 3303 500 3384 767.
548 3299 901 3384 ἀσύφηλον]
931 3298 1001 3364 τὸ
1030 3302 1394 3381 βλαπτικόν.
1488 3302 1609 3364 ἀπὸ
1637 3305 1744 3365 τοῦ
1779 3302 1926 3367 ἆσαι
1957 3301 2026 3367 τὸ
2055 3301 2307 3386 βλάψαι
2337 3301 2436 3368 καὶ
2465 3308 2569 3368 τοῢ

263 3410 490 3489 φηλεῖν
518 3411 589 3469 τὸ
617 3402 858 3469 α’πατᾶν
885 3401 1234 3485 ἀσύφηλον,
1264 3401 1451 3469 οἱονεὶ
1478 3403 1549 3467 τὸ
1575 3406 1922 3485 βλαπτικόν

352 3508 498 3590 787.
542 3506 764 3594 ὑπάτῃ]
800 3508 872 3593 τῇ
901 3505 1188 3592 ἅνωτέρα.
2595 3539 2674 3594 3ο

1018 3674 1042 3708 2
1048 3673 1094 3723 5.
1128 3660 1344 3713 evanida
1365 3661 1594 3727 supplevi
1617 3677 1681 3712 ex
1703 3662 1823 3712 AD.

437 4756 576 4803 vol..
625 4755 710 4804 v1.
1361 4757 1401 4801 Ο
1430 4761 1468 4803 Ο
