3298 5195
674 322 804 385 542
1485 319 1829 381 ιΛιΑΔοΣ
1872 318 1945 379 0.
1992 312 2165 402 (15)

765 492 909 558 261.
953 484 1240 576 λειανέω]
1273 489 1450 554 λείαν
1481 488 1580 553 καὶ
1617 487 1857 568 ὁμαλὴν
1886 484 2124 566 ποιήσω

765 596 912 680 263.
960 587 1338 680 ἀκοστήσας]
1372 590 1689 675 κριθιάσας

763 698 908 777 264.
957 693 1280 784 κροαίνων]
1332 696 1662 778 κρουαίνων
1707 693 1783 774 ἦν
1825 694 1960 759 ἀντὶ
2005 696 2113 758 τοῦ
2157 690 2388 775 κρούων
2438 693 2578 761 τοὺς
2621 694 2839 771 πόδας,
2890 695 2997 758 καὶ

673 801 907 890 ἐκβολῇ
937 806 1044 866 τοῦ
1070 813 1106 866 ῦ
1136 807 1178 840 “
1198 798 1623 884 κροαίνω<ν)”

601 921 645 980 5
764 920 909 987 271.
955 906 1168 988 ἄγριον
1197 899 1372 992 αἶγα]
1406 905 1738 987 άρσενικὸς
1767 901 1878 981 τὴν
1908 901 2056 985 αἶγα

761 1022 906 1091 274.
953 1005 1104 1098 σφί]
1143 1008 1345 1074 αὐτοῖς
1608 1005 1755 1087 287.
1800 1000 1964 1093 οἶον]
1997 1007 2212 1071 ὁποῖον

758 1130 907 1198 320.
953 1105 1298 1199 κατένωπα]
1333 1108 1481 1193 πρὸς
1509 1111 1663 1193 ὄψιν

757 1234 906 1300 322.
954 1210 1199 1303 ἔθελξε]
1234 1213 1615 1298 ἐγοῆτευσεν,
1645 1212 1960 1294 ἠπάτησεν

759 1333 908 1403 350.
946 1319 982 1402 <
989 1317 1173 1400 πυρὸς
1193 1312 1592 1404 λελάχωσι>]
1618 1315 1731 1395 τὴν
1747 1315 2035 1397 διάπυρον
2052 1315 2258 1397 ταφὴν
2278 1319 2501 1400 λαχεῖν
2520 1313 2834 1395 ποιήσωσι
2858 1338 2987 1382 rec.

545 1444 643 1485 ἰο
667 1420 730 1485 Α
744 1455 805 1468 -

754 1524 903 1612 360.
947 1521 1052 1614 τῇ]
1085 1525 1185 1589 διὰ
1213 1526 1431 1603 ταύτης
1691 1524 1838 1610 364.
1884 1519 2009 1611 ἄψ]
2043 1522 2233 1590 πάλιν

757 1642 903 1715 372.
950 1624 1306 1717 πολυπύρῳ]
1340 1630 1651 1714 σιτοφόρῳ
1914 1628 2061 1712 387.
2109 1622 2465 1714 ἐπιβάντες]
2499 1627 2868 1694 ἐπελθόντες

756 1752 907 1819 399.
949 1727 1263 1818 χατέοντι]
1295 1729 1580 1815 χρήζοντι
1607 1751 1727 1796 rec.
1992 1744 2142 1811 407.
2189 1728 2593 1812 παυροτέρους
2622 1725 2767 1817 περ]
2802 1733 2911 1795 καί

751 1853 904 1915 410.
950 1834 1186 1916 στάθμη
1232 1835 1369 1900 ἐστὶ
1413 1835 1787 1919 <σ>χοινίον
1828 1833 2058 1900 λεπτὸν
2101 1835 2328 1919 ἐρυθρῷ
2370 1832 2411 1913 ἢ
2453 1832 2671 1914 μέλανι
2699 1835 2986 1917 χρόματι

566 1963 639 2023 15
667 1938 1049 2023 ἐχρισμένον,
1080 1936 1128 2025 ᾧ
1159 1939 1531 2017 κανονίζεται
1560 1938 1633 2003 τὸ
1667 1936 1823 2018 ξύλα
1849 1937 1984 2007 Α-ῢ·
2233 1949 2384 2019 415.
2432 1937 2707 2021 ἐείσατο]
2745 1937 2949 2019 ἐφάνη

752 2043 902 2121 416.
947 2038 1059 2131 τό]
1097 2043 1131 2106 ὁ
1160 2044 1312 2109 Αἴας
1342 2042 1442 2107 καὶ
1463 2038 1702 2123 Ἕκτωρ
1963 2039 2113 2119 418.
2158 2035 2296 2128 τόν]
2330 2039 2439 2105 τὸν
2458 2037 2726 2122 Ἕκτορα

750 2164 904 2232 432.
950 2146 1195 2227 Κύθηρα
1224 2146 1500 2225 νησίδιον
1528 2146 1633 2222 τῆς
1668 2147 2037 2224 Λακωνικῆς,
2067 2143 2438 2225 Ἀφροδίτης
2470 2144 2652 2224 ἱερόν,
2691 2143 2837 2209 ὅθεν
2875 2146 2981 2208 καὶ

665 2248 997 2332 Κυθέρειαν
1025 2251 1377 2316 ἐπιθετικός
1405 2246 1771 2327 ὀνομάζουσι
1799 2248 1912 2327 τὴν
1941 2247 2084 2312 θεόν
2102 2246 2164 2308 Α
2196 2272 2262 2303 =

751 2363 903 2438 459.
951 2346 1186 2440 αἴνυτο]
1219 2349 1570 2432 ἐλάμβανεν
1828 2349 1979 2434 463.
2024 2345 2122 2437 ὅς]
2156 2350 2191 2412 ὁ
2221 2348 2373 2416 Ζεύς

562 2484 638 2525 20
749 2455 900 2537 467.
943 2453 1140 2535 μήδεα
1169 2449 1383 2542 κείρει]
1419 2454 1517 2518 καὶ
1546 2452 1659 2532 τὴν
1688 2453 2024 2534 προθυμίαν

657 2625 672 2640 ,
750 2575 901 2641 479.
947 2555 1450 2642 τετραθέλυμνον]
1502 2555 1934 2641 τετράππιχον,
1981 2554 2283 2637 τέσσαρας
2327 2554 2535 2625 θέσεις
2578 2555 2727 2641 ἔχον
2774 2557 2979 2622 ἐπαλ-

748 2883 897 2953 512.
945 2864 1378 2956 στρεύγεσθαι]
1404 2867 1540 2948 ἤτοι
1560 2870 2081 2947 ταλαιπωρεῖσθαι
2112 2869 2210 2931 καὶ
2240 2864 2274 2930 δ
2304 2866 2478 2946 ἡμεῖς
2508 2867 2660 2931 κατὰ
2694 2868 2981 2951 στράγγα

557 3000 633 3062 25
662 2973 928 3059 λέγομεν
953 2972 1113 3057 ῥέειν

746 3089 898 3161 517.
944 3075 1250 3159 πρυλέων]
1280 3076 1477 3154 πεζῦν
1741 3074 1889 3157 518.
1936 3069 2311 3161 Κυλλήνιον]
2343 3072 2612 3156 Ἀρκάδα
2640 3095 2758 3138 rec.

745 3193 894 3265 520.
941 3175 1181 3268 Μέγης]
1205 3178 1449 3259 Ἕλλην
1469 3179 1643 3246 οὗτος

745 3284 894 3368 528.
941 3279 1278 3372 Φυλείδαο]
1312 3287 1419 3347 τοῦ
1447 3285 1580 3346 υἱοῦ
1605 3281 1857 3350 Φυλέως

744 3401 893 3473 530.
935 3382 1290 3475 γυάλοισιν]
1323 3390 1451 3453 τοῖς
1487 3384 1944 3466 κεκοιλωμένοις
1972 3383 2011 3465 ἢ
2040 3390 2168 3455 τοῖς
2198 3386 2479 3468 σόμασιν

553 3525 631 3583 30
743 3503 892 3577 535.
939 3496 1045 3555 τοῦ
1075 3489 1168 3573 δέ]
1200 3494 1306 3553 τοῦ
1337 3491 1622 3557 Δόλοπος

742 3605 891 3679 537.
937 3587 1085 3681 πᾶς]
1120 3595 1153 3657 ὁ
1178 3592 1376 3675 λόφος

741 3710 892 3780 544.
939 3692 1300 3784 ἐεισάσθην]
1334 3697 1413 3762 ἔω
1444 3696 1514 3760 τὸ
1545 3698 1725 3779 ὁρμῶ,
1771 3697 1805 3760 ὁ
1846 3694 2091 3777 μέλλων
2139 3694 2280 3776 ἔσω,
2328 3698 2362 3759 ὁ
2407 3697 2695 3778 ἀόριστος
2741 3698 2905 3777 εἴσα,
2939 3702 2976 3764 ὁ

654 3800 840 3882 μέσος
869 3799 1130 3882 είσάμην
1159 3802 1306 3866 εἴσω
1330 3803 1561 3877 εἴσατο,
1585 3798 1687 3865 καὶ
1715 3800 1959 3866 ἐείσατο
1980 3799 2284 3876 Ἰωνικῶς,
2309 3799 2381 3864 τὸ
2409 3799 2612 3866 δυῖκδν
2634 3800 2975 3882 ἐεισάμεθα

656 3906 989 3970 ἐείσασθον
1020 3909 1056 3940 “
1077 3901 1410 3982 ἐεισάσθην
1425 3901 1461 3928 ”

550 4044 628 4102 35
741 4007 893 4088 546.
936 4000 1371 4094 Ἱκεταονίδην]
1406 4006 1512 4072 τὸν
1538 4006 1674 4073 υἱὸν
1701 4003 2041 4072 Ἱκετάονος

741 4123 889 4194 554.
936 4105 1313 4196 ἐντρέπεται]
1347 4110 1479 4176 οἷον
1507 4109 1805 4192 ἐντροπὴν
1833 4109 1938 4173 ἐπὶ
1967 4114 2038 4173 τὸ
2066 4107 2325 4190 βέλτιον
2358 4107 2674 4190 λαμβάνει
2701 4131 2822 4175 rec.

742 4226 890 4297 557.
939 4209 1264 4300 κατάκρης]
1296 4212 1365 4279 ἓν
1391 4212 1572 4295 μέρος
1599 4215 1793 4295 λόγου

743 4319 889 4399 607.
936 4311 1316 4404 άφλοισμός]
1360 4315 1546 4382 οἱονεὶ
1589 4317 1900 4398 ἇφρισμός
1938 4342 2048 4396 τις,
2077 4318 2268 4403 τροπῇ
2299 4321 2404 4380 τοῦ
2434 4318 2827 4398 ἂμεταβόλου
2872 4321 2966 4387 εἷς

654 4422 1046 4505 ἀμετάβολον
1077 4419 1174 4487 καὶ
1204 4422 1571 4507 πλεονασμῷ
1600 4425 1708 4484 τοῦ
1735 4430 1768 4484 ὅ
1802 4420 2262 4502 “ἆφλοισμός”
2296 4419 2352 4482 Β
2371 4434 2424 4489 -Ι-

720 4545 2961 4628 2.κριθαριάσας19.ποιὴσουσι111ᾳὴᾼεκαὶη36.βέλπον1)εβέλπτιστονη

656 4612 2267 4676 38.‹m1re1⁸nterrp.acriptum.tmecitwnfew-vasu
2304 4615 2481 4676 τροπῆς
