3298 5195
638 373 764 434 512
1466 371 1810 433 ιΛιΑΔοΣ
1860 370 1930 431 Ε.
1978 365 2110 453 (5)

920 545 956 607 ὅ
986 541 1047 627 γ’
1076 538 1261 630 ἥρως]
1297 544 1330 607 ὁ
1365 542 1609 609 Αἰνείας

725 665 873 732 309.
921 642 1224 735 ἐρείσατο]
1257 646 1579 729 ἑπερείσθη

725 771 802 836 31
820 770 874 816 1.
921 746 1096 839 ἔνθα]
1128 752 1266 817 τότε
1528 746 1854 845 ἀπόλοιτο]
1888 749 2020 829 ἤτοι
2052 750 2336 813 ἀπόλετο

725 873 872 941 313.
917 850 1345 943 βουκολέοντι]
1377 853 1618 935 νέμοντι
1647 860 1801 934 βοῦς
1831 853 1971 916 A=
2156 866 2308 938 315.
2354 846 2624 939 πτύγμα]
2658 852 2961 933 δίπλωμα

577 976 614 1035 5
727 979 875 1045 324.
922 961 988 1024 ἑκ
1018 957 1073 1024 δ’
1104 953 1360 1046 ἔλασεν]
1396 957 1685 1039 παρέλκει
1715 957 1786 1021 τὸ
1818 964 1852 993 “
1873 957 1941 1023 δέ
1963 954 1998 982 ”

727 1077 873 1149 327.
919 1058 1106 1151 ἥρως]
1141 1065 1175 1127 ὁ
1205 1062 1507 1130 Σθένελος

725 1185 874 1253 329.
919 1168 1214 1248 Τυδείδην
1241 1161 1496 1254 μέθεπε]
1531 1167 1632 1231 ἐπὶ
1663 1166 1771 1231 τόν
2035 1158 2515 1251 κρατερόνυχας]
2547 1163 2685 1230 τούς

726 1289 878 1356 330.
925 1265 1266 1358 ἐμμεμαώς]
1302 1270 1674 1351 εὖπρόθυμος
1937 1286 2082 1354 332.
2129 1262 2318 1355 τάων]
2354 1267 2429 1348 ἦν
2456 1267 2494 1345 ἡ
2525 1268 2863 1349 Ἀφροδίτη

727 1393 877 1459 334.
922 1369 1189 1461 ὀπάζων]
1223 1375 1454 1439 διῶκων
1483 1371 1613 1443 Α-Ι·
1809 1389 1956 1458 335.
2003 1367 2473 1459 ἐπορεξάμενος]
2506 1372 2775 1438 ἐκτείνας
2797 1371 2947 1433 Α·--·

543 1496 618 1537 10
729 1491 876 1565 337·
923 1472 1277 1565 ἆβληχρῆν]
1312 1478 1545 1556 ἀσθενῆ

921 1577 1610 1670 εἶθαρ-ἀντετόρησεν]
1645 1581 1864 1649 εὐθέως
1896 1583 1994 1646 καὶ
2022 1584 2387 1662 παραχρῆμα
2417 1583 2666 1660 διῆλθεν

728 1704 877 1772 343.
927 1681 1215 1773 ἰάχουσα]
1247 1685 1542 1766 βοήσασα
1806 1680 2157 1772 κάββαλεν]
2193 1684 2534 1765 ἀπέρριψεν
2628 1720 2665 1749 ο

729 1805 876 1875 350.
921 1789 1030 1854 ἐὰν
1060 1788 1249 1854 πάλιν
1281 1790 1465 1876 ἔλθῃς
1494 1791 1582 1856 εἷς
1610 1795 1720 1855 τὸν
1743 1790 2033 1869 πόλεμον,
2054 1785 2378 1868 τηνικαῦτά
2408 1812 2483 1852 σε
2515 1792 2710 1853 κακῶς
2738 1788 2956 1866 διαθή-

643 1919 849 1975 σομαι,
881 1895 1041 1958 ὥστε
1073 1896 1148 1957 σὲ
1179 1890 1278 1957 καὶ
1307 1893 1534 1957 ἄλλοθί
1560 1918 1681 1958 που
1711 1896 1981 1973 πόλεμον
2011 1892 2363 1956 ἀκούσασαν
2393 1891 2806 1971 εὐλαβηθῆναι

543 2021 618 2081 15
730 1998 882 2084 356.
927 1993 1082 2085 ἠέρι]
1115 1998 1362 2083 ὁμίχλῃ·
1410 1995 1545 2077 ἤτοι
1575 1997 1831 2079 ἀόρατος
1862 1995 1936 2076 ἦν

731 2112 880 2186 359.
925 2100 1201 2184 κόμισαι]
1233 2100 1581 2180 ἐπιμελείας
1612 2099 1880 2179 ἀξίωσον

730 2206 880 2291 366.
929 2204 1172 2270 ἀέκοντε
1201 2204 1534 2288 πετέσθην]
1567 2205 1926 2288 ἀπροθύμως
1957 2203 2207 2287 ἔτρεχον
2236 2224 2357 2270 rec.

730 2310 880 2396 369.
927 2303 1407 2396 παρὸ-βάλεν]
1440 2307 1739 2390 παρέθηκε
1768 2312 1895 2375 τοῖς
1924 2310 2137 2375 ἵπποις

730 2427 881 2498 371.
925 2416 1033 2492 τῆς
1066 2412 1304 2492 Διῶνης
1339 2410 1633 2495 λέγουσιν
1672 2411 1828 2477 εἶναι
1874 2409 2173 2494 θυγατέρα
2200 2411 2312 2491 τὴν
2352 2410 2742 2493 Ἀφροδίτην,
2775 2411 2955 2491 διότι,

543 2548 623 2590 20
646 2514 780 2582 ἐπεὶ
811 2515 1141 2600 Ἀφροδίτη
1168 2515 1339 2580 ἐστὶν
1367 2514 1405 2595 ἦ
1439 2513 1791 2597 συνάγουσα
1818 2520 1889 2578 τὸ
1927 2515 2106 2597 ἄρρεν
2139 2516 2237 2579 καὶ
2268 2518 2424 2593 θῆλυ
2455 2514 2717 2594 δύναμις,
2748 2516 2848 2579 διὰ
2877 2514 2954 2578 τὸ

646 2622 896 2704 ἀφρῶδη
949 2623 1025 2685 τὰ
1069 2618 1383 2702 σπέρματα
1426 2626 1547 2684 τῶν
1580 2616 1744 2704 ζῴων
1794 2620 1948 2685 εἶναι
1991 2616 2323 2701 Ἀφροδίτη
2369 2620 2802 2700 ὀνομασθεῖσα,
2847 2618 2952 2683 διὰ

645 2730 822 2789 τοῦτο
859 2725 959 2790 καὶ
1001 2724 1241 2803 Διῶνης
1270 2722 1514 2806 λέγεται
1546 2724 1703 2789 εἶναι
1732 2723 2023 2807 θυγάτηρ·
2068 2721 2270 2805 διερὸν
2296 2725 2415 2806 γὰρ
2444 2728 2514 2786 τὸ
2560 2725 2817 2803 δίυγρον·
2878 2720 2961 2802 ἐξ

644 2830 965 2913 ὑγρότητος
986 2830 1052 2894 δὲ
1080 2827 1271 2913 (τῆς)
1299 2829 1367 2895 έν
1383 2830 1455 2916 τῇ
1487 2830 1785 2912 συνουσίᾳ
1807 2830 1883 2891 τὰ
1907 2828 2026 2913 ζῳα
2045 2824 2337 2913 (Οοτιιιιίῖ.
2356 2825 2467 2891 Tb.
2488 2847 2541 2891 c.
2554 2844 2638 2904 24
2651 2847 2712 2910 p.
2735 2839 2821 2906 45
2841 2822 2954 2912 L.)

734 2946 885 3020 379.
930 2931 1002 2997 οὗ
1029 2927 1531 3020 γὰρ-φύλοπις]
1567 2931 1739 2996 ἔστιν
1765 2931 1803 3011 ἡ

543 3063 620 3126 25
736 3035 884 3123 387.
931 3031 1197 3124 κεράμῳ]
1231 3035 1473 3121 ἀγγείῳ,
1504 3037 1663 3120 πίθῳ

734 3140 881 3227 388.
926 3135 1101 3228 ἆτος]
1149 3137 1196 3205 ὦ
1243 3141 1380 3204 ἐστι
1430 3140 1593 3221 ῥῆμα
1637 3142 1865 3218 δηλοῦν
1907 3137 1976 3201 τὸ
2022 3144 2256 3218 πληρῶ,
2303 3140 2338 3202 ὁ
2379 3138 2628 3220 μέλλων
2672 3137 2823 3213 ἀσω,
2881 3135 2963 3216 ἐξ

644 3244 828 3309 αὑτοῦ
845 3245 1016 3321 aros,
1050 3244 1149 3309 καὶ
1180 3243 1331 3308 κατὰ
1368 3240 1658 3325 στέρησιν
1701 3241 1904 3318 ἄατος,
1935 3242 2033 3306 καὶ
2079 3241 2290 3325 κράσει
2332 3247 2453 3307 τῶν
2496 3242 2602 3307 δύο
2653 3244 2734 3307 ἴα
2778 3241 2865 3307 εἷς
2910 3242 2959 3306 ἶ

643 3348 873 3430 μακρὸν
901 3348 1044 3415 ἆτος

732 3470 884 3531 400.
928 3446 1233 3539 ἠλήλατο]
1269 3451 1633 3530 ἑνεπέπηκτο

544 3587 624 3646 30
733 3575 887 3641 403.
952 3552 1205 3644 αἴσυλα]
1254 3556 1446 3634 ἄδικα,
1505 3552 1867 3639 <ἀ>αίσυλά
1921 3579 2054 3620 τινα
2099 3556 2263 3631 ὄντα,
2308 3554 2384 3619 τὰ
2430 3552 2803 3636 εὖτελήματα
2845 3557 2959 3634 τῆς

646 3661 844 3742 αἴσης,
868 3661 905 3724 ὅ
933 3661 1068 3724 ἐστι
1097 3663 1203 3723 τοῦ
1234 3658 1603 3739 καθήκοντος

732 3780 880 3846 417.
925 3759 1368 3852 κατηπιόωντο]
1404 3762 1886 3846 κατεπραΰνοντο

731 3885 890 3947 424.
928 3862 1082 3954 τῶν]
1114 3866 1235 3931 ἀπὸ
1266 3867 1491 3932 τούτων
1749 3881 1901 3948 425.
1949 3862 2355 3955 καταμύξατο]
2392 3865 2680 3947 κατεξέθη

734 3985 882 4055 473.
930 3965 1170 4057 ἑξέμεν]
1205 3968 1508 4052 φυλάξειν

546 4100 623 4164 35
734 4069 885 4148 486.
932 4064 1191 4156 ὤρεσσι]
1240 4074 1372 4138 ταῖς
1420 4068 1681 4153 γυναιξί,
1721 4071 1884 4152 παρᾶ
1926 4068 1997 4134 τὸ
2044 4070 2439 4154 συνεζεῦχθαι
2483 4074 2610 4137 τοῖς
2640 4066 2957 4151 ἀνδράσιν9

649 4173 825 4239 ἔνθεν
856 4172 955 4237 καὶ
986 4174 1243 4254 συνωρὶς
1271 4172 1342 4237 τὸ
1373 4172 1843 4258 συνεζευγμένον
1860 4178 1983 4237 τῶν
2010 4175 2215 4239 ἵππων
2240 4174 2444 4258 ὄχημα
2720 4170 2869 4255 ὦρες
2887 4176 2957 4240 αἱ

645 4281 944 4361 γυναῖκες,
976 4275 1098 4341 ἀπὸ
1127 4281 1234 4341 τοῦ
1273 4277 1536 4360 ὀαρίζειν
1565 4275 1603 4355 ἢ
1636 4274 2052 4359 συναραρέναι·
2128 4276 2305 4344 ἔνθεν
2351 4279 2451 4342 καὶ
2496 4275 2745 4361 ξυνωρὶς
2789 4280 2958 4359 παρὰ

645 4380 719 4446 τὸ
749 4378 1181 4463 ξυνηρμάσθαι·
1236 4381 1372 4446 ἔστι
1403 4382 1469 4446 δὲ
1502 4381 1612 4462 ὄαρ
1644 4380 1746 4445 καὶ
1778 4379 2224 4466 συναλ<ο>ιφῇ
2260 4380 2343 4463 ὤρ
2380 4385 2426 4444 Β
2445 4394 2498 4451 4

716 4582 763 4628 5.
788 4567 974 4617 ἔλασσε
1011 4574 1032 4628 ΙΙ
1068 4582 1143 4618 11.
1168 4570 1233 4618 nd
1261 4582 1357 4632 339
1379 4568 1655 4634 ἄμβροτον]
1680 4568 1763 4621 ὥτε
1786 4570 1933 4620 omini
1970 4576 1992 4630 ΙΙ
2032 4583 2108 4619 12.
2131 4567 2389 4632 κάμβαλεν
2423 4575 2446 4632 ΙΙ
2486 4583 2564 4620 22.
2588 4567 2745 4633 διερὸν
2764 4570 2918 4621 Com.
2942 4586 2956 4623 ε

649 4633 818 4681 avite&-
852 4638 873 4693 ΙΙ
903 4632 979 4682 26.
1001 4632 1072 4681 ἆυ
1093 4649 1184 4696 pro
1203 4631 1243 4680 ὦ
1262 4634 1389 4682 coni.
1417 4633 1482 4682 W
1507 4639 1529 4694 ΙΙ
1557 4647 1634 4696 3ο.
1663 4636 1894 4700 supplevi
1917 4652 1979 4685 ex
1996 4636 2081 4686 Et.
2103 4636 2181 4686 M.
2220 4641 2241 4695 ΙΙ
2279 4648 2360 4699 33.
2382 4633 2699 4702 Ροοιτούτων
2721 4651 2899 4686 mun
2921 4652 2961 4702 4

649 4697 934 4745 litter-mm
961 4702 984 4758 n
1007 4710 1087 4759 34.
1109 4696 1317 4758 φυλάξαι
