3298 5195
1123 348 1464 414 ιΛιΑΔοΣ
1511 349 1584 410 K.
1630 342 1657 433 (
1687 344 1816 434 ιο)
2487 346 2619 414 527

412 530 557 601 393.
606 510 867 603 ἄρματα]
900 512 1034 595 ἤτοι
1065 515 1242 598 ἄρμα.
1294 515 1429 582 ἀντὶ
1458 520 1658 582 ἑνικοῦ
1686 519 1768 604 τῷ
1798 505 2185 605 πληθυντικῷ
2215 517 2618 603 ἐχρή<σα>το

339 610 344 617 ”
405 620 557 699 408.
604 621 639 683 6
668 625 701 654 “
720 619 823 684 δαί
840 618 879 644 ”
912 618 1251 700 σύνδεσμος
1285 621 1319 684 ὅ
1363 623 1611 686 διὸ-τοῦ
1655 619 1696 686 ἆ
1740 623 1839 687 καὶ
1884 622 1985 686 διὰ
2023 626 2129 686 τοῦ
2169 625 2195 685 ῖ
2231 622 2619 706 γραφόμενός

320 723 460 789 ἐστι
487 724 601 804 μὲν
631 724 1092 805 συμπλεκτικός,
1122 723 1331 804 μόνοις
1360 727 1428 789 δὲ
1458 729 1584 790 τοῖς
1614 730 2014 804 πυσματικοῖς
2045 724 2473 790 συντάσσεται.
2519 725 2621 790 καὶ

320 827 549 909 ἄπορεῖ
569 828 603 891 6
621 826 1044 894 Ἀπολλῶνιος
1075 828 1229 891 οὕτω
1256 826 1459 911 λέγων
1472 825 1579 913 (cf.
1603 827 1682 891 de
1706 827 1960 896 Constr.
1977 851 2039 913 p.
2066 843 2147 912 77
2182 827 2307 917 Β.),
2329 827 2408 896 ὥς
2426 829 2484 893 ot
2504 831 2620 909 μὲν

320 930 950 1013 παραπληρωματικὸν
984 929 1275 995 θέλουσιν
1313 930 1494 997 αὐτὸν
1544 931 1702 998 εῖναι
1742 933 2225 1013 ἰσοδυναμοῦντα
2253 933 2337 1019 τῷ
2383 930 2476 1012 δή,
2514 932 2617 997 ὅτε
2648 951 2687 1027 5

320 1033 629 1117 παρέλκει,
659 1035 717 1099 οἳ
751 1033 904 1118 (δὲ)
938 1035 1077 1117 περὶ
1119 1033 1530 1119 Ἀρίσταρχόν
1568 1042 1767 1118 φασιν
1804 1038 2192 1117 ἰσοδυναμεῖν
2221 1036 2402 1101 αὐτὸν
2430 1037 2513 1121 τῷ
2552 1034 2621 1101 δέ
2686 1046 2693 1057 ”

322 1139 405 1224 τῷ
431 1137 531 1203 διὰ
552 1142 659 1202 τοῦ
679 1141 713 1203 ἓ
737 1143 934 1221 ψιλοῦ
961 1135 1325 1225 γραφομένῳ
1349 1139 1450 1203 καὶ
1481 1138 1638 1204 εῖναι
1669 1142 2137 1221 συμπλεκτικόν·
2169 1141 2380 1223 διόπερ
2403 1141 2471 1204 ἐν
2494 1141 2623 1206 τοῖς

322 1248 361 1279 “
385 1247 513 1309 πός
544 1238 643 1306 δαὶ
671 1247 792 1306 τῶν
820 1241 1032 1307 ἄλλων
1059 1241 1331 1325 Τρῶων”
1363 1240 1690 1322 δυνάμενος
1722 1243 2108 1326 ἀποστρέψαι
2136 1245 2249 1324 μὲν
2277 1248 2348 1308 ra
2378 1241 2464 1321 δέ,
2482 1238 2623 1330 ἰν’ᾖ
2730 1250 2737 1255 ’

324 1347 358 1409 6
390 1344 459 1411 δέ
488 1345 930 1426 συμπλεκτικὸς
964 1344 1511 1428 συναληλιμμένος,
1531 1351 1786 1414 δασῦναι
1816 1350 1885 1413 δὲ
1919 1348 2033 1428 τὴν
2059 1348 2125 1414 <Ti
2155 1349 2496 1430 δίφθογγον
2525 1343 2625 1411 καὶ

325 1454 736 1530 πληθυντικὸν
766 1450 988 1532 ἄρθρον
1018 1447 1653 1534 ἐκδέχεσθαι-δεῖται
1697 1453 1815 1534 γὰρ
1854 1456 1962 1516 τοῦ
2002 1452 2225 1535 ἄρθρου
2259 1450 2298 1532 ἡ
2342 1448 2625 1530 σύνταξις
2656 1471 2731 1514 10

324 1559 587 1619 -τοῦτο
615 1555 729 1634 μὲν
759 1553 830 1618 οὗ
859 1553 1172 1632 πεποίηκε,
1187 1559 1395 1636 ψιλῶς
1424 1556 1492 1618 δὲ
1520 1553 1627 1619 τὸν
1644 1551 1841 1619 “δαί”
1863 1554 2173 1639 προήγαγε
2203 1553 2333 1623 καθ’
2358 1556 2426 1620 ἓν
2443 1553 2627 1637 μέρος
2718 1556 2726 1563 ’

325 1656 560 1741 λόγου,,
601 1655 943 1736 σύνδεσμον
993 1658 1390 1740 ἐκδεχόμενος
1449 1658 1918 1737 συμπλεκτικόν,
1975 1659 2333 1742 γιγνόσκων
2390 1662 2463 1722 τὸ
2520 1662 2628 1722 τοῦ

325 1763 577 1839 ποιητοῦ
622 1760 855 1841 ἰδίωμα,
898 1759 979 1827 ὣς
1023 1758 1406 1826 ἐλλειπτικὸς
1447 1757 1561 1840 μέν
1605 1761 1739 1825 ἐστι
1781 1766 1902 1826 τῶν
1946 1762 2199 1845 ἄρθρων,
2243 1760 2433 1847 τούτῳ
2469 1759 2621 1844 (δὲ)

326 1862 645 1950 συνδέσμῳ
673 1865 828 1943 μετὰ
856 1869 977 1928 τῶν
1004 1863 1492 1949 πυσματ<ικ>ὣν
1521 1862 1806 1948 κέχρηται

411 1965 561 2045 416.
608 1961 960 2053 φλοίσβου]
991 1970 1097 2047 τῆς
1125 1971 1394 2051 ταραχῆς
1423 1973 1529 2032 τοῦ
1557 1966 1825 2049 πολέμου
2660 1983 2733 2042 15

408 2085 562 2153 417.
607 2065 952 2158 κεκριμένη]
986 2069 1428 2153 ἐπιλελεγμένη
1461 2076 1592 2135 Α--

413 2171 563 2253 428.
612 2169 1132 2262 (ἀγκυλότοξοι>]
1165 2173 1491 2258 ἆ<γ>κύλη
1516 2174 1676 2242 εἶδος
1706 2175 2002 2251 ἀκοντίου,
2022 2175 2092 2240 τὸ
2120 2175 2457 2262 λεγόμενον
2481 2175 2628 2259 ῥηκ-

325 2276 536 2359 τόριον
1329 2332 1334 2336 .

413 2397 564 2463 434.
596 2377 910 2464 νεήλυδες]
941 2379 1163 2445 νεωστὶ
1194 2380 1559 2459 ἐληλυθότες
1580 2384 1634 2443 Α
1652 2394 1706 2451 4-
1825 2390 1975 2465 435.
2003 2375 2336 2468 βασιλεύς]
2371 2383 2634 2465 Θρᾳκὸν

609 2484 689 2568 τῷ
728 2480 928 2568 Ῥήσῳ
972 2483 1264 2566 χρησμός,
1305 2483 1387 2550 ὥς
1430 2490 1644 2565 φασιν,
1691 2481 1766 2563 ἦν
1811 2483 2148 2563 δεδομένος,
2196 2483 2309 2559 ὅτι,
2355 2485 2410 2549 εἰ
2453 2482 2631 2550 αὐτὸς
2662 2499 2738 2540 20

328 2585 614 2669 γεύσεται
643 2590 749 2650 τοῦ
775 2586 991 2654 ὕδατος
1021 2586 1121 2651 καὶ
1152 2587 1212 2650 οἰ
1242 2587 1418 2652 ἵπποι
1450 2586 1629 2652 αὐτοῦ
1659 2591 1766 2652 τοῦ
1796 2584 2186 2671 Σκαμάνδρου
2214 2587 2405 2653 πίωσι
2440 2585 2626 2673 (καὶ)

328 2692 452 2769 τῆς,
471 2689 679 2754 αὐτόθι
709 2693 914 2770 νομῆς,
944 2688 1406 2772 ἄκαταμάχητος
1437 2690 1612 2755 ἔσται
1643 2693 1730 2758 εἰς
1773 2690 1843 2755 τὸ
1887 2688 2204 2758 παντελές·
2249 2690 2284 2755 δ
2319 2693 2386 2756 δέ
2422 2695 2633 2759 νυκτὸς

333 2793 608 2875 ἔφθασεν
648 2793 735 2859 εἰς
773 2792 885 2873 τὴν
911 2792 1139 2875 Τροίαν
1180 2791 1280 2858 καὶ
1315 2792 1421 2858 οὐκ
1468 2793 1707 2875 ἔφθασε
1745 2792 2087 2877 γεύσασθαι
2117 2799 2224 2858 τοῦ
2252 2795 2486 2862 ὕδατος·
2534 2792 2633 2858 καὶ

330 2901 431 2961 διὰ
458 2900 634 2961 τοῦτο
664 2895 962 2978 ἐφονεύθη
994 2900 1048 2959 Α
1066 2910 1120 2967 4-

415 3011 567 3080 450.
613 2995 823 3087 εἶσθα]
855 2997 1269 3087 παραγενήσῃ,
1299 2998 1481 3086 ἥξεις,
1513 2999 1739 3088 ἐλεύσῃ
1769 3005 1902 3064 Α-
2662 3025 2693 3065 2
2702 3022 2737 3081 5

412 3104 566 3188 463.
618 3099 1176 3192 <ἐπιβωσόμεθα>]
1217 3105 1678 3210 ἐπιβοησόμεθα
1718 3102 1814 3184 ἦν,
1862 3105 1961 3170 καὶ
2004 3105 2194 3192 τροπῇ
2235 3108 2343 3169 τοῦ
2376 3101 2418 3185 ἦ
2459 3106 2557 3170 καὶ
2597 3103 2632 3171 ὃ
2711 3121 2733 3130 ““
2813 3142 2829 3157 ·

334 3210 422 3276 εἰς
450 3205 503 3273 ’ὦ
529 3208 689 3292 μέγα
714 3209 949 3291 γίνεται
976 3209 1513 3290 “ἐπιβωσόμεθα”

417 3313 568 3393 466.
610 3306 894 3401 μυρίκην]
922 3316 1229 3393 θαμνῶδες
1258 3314 1452 3395 φυτόν
1484 3318 1613 3377 A=
1830 3306 2076 3399 δέελον]
2111 3311 2455 3396 εὔγνωστον
2481 3313 2617 3385 Α-ι-

416 3419 565 3501 485.
612 3411 1086 3505 ἆσημάντοισιν]
1118 3418 1202 3498 μὴ
1235 3417 1449 3501 ἔχουσι
1480 3418 1618 3485 τοὺς
1648 3417 2121 3483 ἐπιστατοῦντας
2331 3417 2632 3500 γράφεται

332 3532 374 3561 “
398 3518 901 3605 ἆσημάντορσιν”
931 3541 1053 3585 roc.
2661 3545 2739 3617 30

416 3646 567 3713 493.
613 3621 955 3713 ἀήθεσσον]
987 3626 1194 3706 ἆηθεῖς
1224 3624 1385 3705 ἦσαν
1413 3625 1609 3691 αὗτὸν
1639 3629 1770 3690 A:

417 3743 569 3813 497.
613 3723 929 3810 Οἰνείδαο]
959 3726 993 3790 6
1022 3730 1130 3790 τοῦ
1159 3724 1394 3792 Οἰνέως
1423 3724 1670 3808 ἔκγονος
1702 3723 2009 3808 Διομήδης

417 3847 569 3912 499.
617 3827 732 3891 σὺν
761 3824 815 3891 δ’
844 3819 1076 3913 ἤειρεν]
1109 3822 1446 3904 συνέδησεν
1466 3821 1603 3887 A=

419 3940 568 4009 502.
602 3920 917 4013 ῥοίζησεν]
951 3923 1259 4008 ἀνάρθρως
1288 3925 1627 4006 ἐφώνησεν,
1658 3922 1693 3987 δ
1725 3921 1901 4005 ἡμεῖς
1930 3924 2198 4007 συρίζειν
2226 3921 2432 4006 φαμέν
2459 3927 2589 3995 Α-Ι-

418 4039 567 4110 503.
615 4019 933 4112 κύντατον]
965 4025 1401 4107 χαλεπώτατον
1573 4035 1725 4104 510.
1770 4020 2236 4112 πεφοβημένος]
2268 4023 2514 4107 φεύγων
2663 4051 2739 4109 35

424 4141 573 4211 513.
620 4117 996 4211 ἐπεβήσετο]
1031 4122 1130 4189 καὶ
1161 4125 1195 4187 6
1226 4121 1535 4204 Διομήδης
1565 4123 1665 4188 καὶ
1703 4124 1737 4186 6
1764 4120 2104 4191 Ὀδυσσεύς

618 4217 806 4310 κόψε]
839 4222 1080 4287 ἐκτύπει
1340 4223 1489 4304 526.
1536 4216 1800 4310 σκοπόν]
1831 4221 1941 4288 τὸν
1972 4223 2237 4290 Δόλωνα

419 4335 569 4407 542.
607 4316 987 4408 ἠσπάζοντο]
1019 4321 1489 4404 περιεπλέκὸντο
1752 4321 1901 4403 546.
1950 4317 2157 4409 σφῶε]
2187 4322 2329 4402 ὑμῖν

332 4470 448 4574 ..ἐς
465 4454 1383 4585 ,πῖθιετείἓῖῗῄῑιῖᾙᾞ
1406 4455 1722 4584 :effla
1741 4451 2039 4569 mm.
2057 4450 2104 4579 ἵ·
2117 4452 2632 4582 &Pezzsxfflmfi

335 4601 418 4638 21.
450 4588 681 4653 supplevi
715 4602 778 4637 ex
808 4586 912 4635 AD
947 4589 970 4645 ΙΙ
1008 4599 1087 4637 22.
1119 4581 1390 4648 γεύσωνται
1426 4591 1539 4648 poet
1573 4585 1723 4647 νομῆς
1753 4586 1956 4651 supplet
1989 4583 2040 4634 D
2071 4588 2093 4644 ΙΙ
2134 4596 2213 4648 25.
2246 4583 2570 4648 παραγενήσει
2610 4589 2632 4644 u

341 4667 418 4718 ²9,
448 4667 526 4717 30·
561 4669 641 4716 γρ·
662 4649 988 4715 ὀσημύντσρω
