<?xml version="1.0" encoding="UTF-8"?>
<!DOCTYPE html PUBLIC "-//W3C//DTD XHTML 1.0 Transitional//EN"
    "http://www.w3.org/TR/xhtml1/DTD/xhtml1-transitional.dtd">
<html xmlns="http://www.w3.org/1999/xhtml" xml:lang="en" lang="en">
 <head>
  <title>
</title>
<meta http-equiv="Content-Type" content="text/html;charset=utf-8" />
  <meta name='ocr-system' content='tesseract 3.04.00' />
  <meta name='ocr-capabilities' content='ocr_page ocr_carea ocr_par ocr_line ocrx_word'/>
</head>
<body>
  <div class='ocr_page' id='page_1' title='image "./scholiagraecain01homegoog/scholiagraecain01homegoog_0015.png"; bbox 0 0 3298 5195; ppageno 0'>
   <div class='ocr_carea' id='block_1_1' title="bbox 1152 1066 2033 1169">
    <p class='ocr_par' dir='ltr' id='par_1_1' title="bbox 1152 1066 2033 1169">
     <span class='ocr_line' id='line_1_1' title="bbox 1152 1066 2033 1169; baseline 0.006 -7"><span class='ocrx_word' id='word_1_1' title='bbox 1152 1066 2033 1169; x_wconf 84' lang='lat' dir='ltr'><strong>PRAEFATIO.</strong></span> 
     </span>
    </p>
   </div>
   <div class='ocr_carea' id='block_1_2' title="bbox 392 1355 2766 4745">
    <p class='ocr_par' dir='ltr' id='par_1_2' title="bbox 392 1355 2766 4745">
     <span class='ocr_line' id='line_1_2' title="bbox 547 1355 2754 1462; baseline 0.002 -31"><span class='ocrx_word' id='word_1_2' title='bbox 547 1355 845 1434; x_wconf 75' lang='lat' dir='ltr'>Tmssvs</span> <span class='ocrx_word' id='word_1_3' title='bbox 878 1358 1094 1434; x_wconf 89' lang='lat' dir='ltr'>annis</span> <span class='ocrx_word' id='word_1_4' title='bbox 1128 1368 1299 1460; x_wconf 86' lang='lat' dir='ltr'>post</span> <span class='ocrx_word' id='word_1_5' title='bbox 1334 1359 1748 1435; x_wconf 89' lang='lat' dir='ltr'>confectum</span> <span class='ocrx_word' id='word_1_6' title='bbox 1768 1359 2116 1438; x_wconf 87' lang='lat' dir='ltr'>volumen</span> <span class='ocrx_word' id='word_1_7' title='bbox 2145 1361 2352 1462; x_wconf 90' lang='lat' dir='ltr'>prius</span> <span class='ocrx_word' id='word_1_8' title='bbox 2374 1360 2754 1437; x_wconf 82' lang='lat' dir='ltr'>emittenti</span> 
     </span>
     <span class='ocr_line' id='line_1_3' title="bbox 392 1472 2755 1580; baseline 0.003 -34"><span class='ocrx_word' id='word_1_9' title='bbox 392 1547 401 1555; x_wconf 77' lang='grc'><em>,</em></span> <span class='ocrx_word' id='word_1_10' title='bbox 439 1472 758 1549; x_wconf 85' lang='lat' dir='ltr'>alterum</span> <span class='ocrx_word' id='word_1_11' title='bbox 797 1477 1201 1552; x_wconf 86' lang='lat' dir='ltr'>verendum</span> <span class='ocrx_word' id='word_1_12' title='bbox 1255 1485 1391 1568; x_wconf 90' lang='lat' dir='ltr'>est,</span> <span class='ocrx_word' id='word_1_13' title='bbox 1428 1505 1522 1553; x_wconf 90' lang='lat' dir='ltr'>ne</span> <span class='ocrx_word' id='word_1_14' title='bbox 1556 1479 1649 1554; x_wconf 94' lang='lat' dir='ltr'>ob</span> <span class='ocrx_word' id='word_1_15' title='bbox 1684 1480 2203 1578; x_wconf 85' lang='lat' dir='ltr'>praetermissa</span> <span class='ocrx_word' id='word_1_16' title='bbox 2235 1479 2598 1580; x_wconf 84' lang='lat' dir='ltr'>quaedam</span> <span class='ocrx_word' id='word_1_17' title='bbox 2646 1506 2755 1554; x_wconf 87' lang='lat' dir='ltr'>re-</span> 
     </span>
     <span class='ocr_line' id='line_1_4' title="bbox 441 1591 879 1690; baseline 0.016 -28"><span class='ocrx_word' id='word_1_18' title='bbox 441 1591 879 1690; x_wconf 82' lang='lat' dir='ltr'>prehendat.</span> 
     </span>
     <span class='ocr_line' id='line_1_5' title="bbox 561 1711 2755 1813; baseline 0.002 -29"><span class='ocrx_word' id='word_1_19' title='bbox 561 1734 618 1784; x_wconf 93' lang='lat'>1.</span> <span class='ocrx_word' id='word_1_20' title='bbox 674 1711 789 1785; x_wconf 92' lang='lat' dir='ltr'>Ac</span> <span class='ocrx_word' id='word_1_21' title='bbox 849 1711 1173 1812; x_wconf 91' lang='lat' dir='ltr'>primum</span> <span class='ocrx_word' id='word_1_22' title='bbox 1227 1711 1525 1811; x_wconf 89' lang='lat' dir='ltr'>quidem</span> <span class='ocrx_word' id='word_1_23' title='bbox 1581 1713 1742 1787; x_wconf 91' lang='lat' dir='ltr'>iure</span> <span class='ocrx_word' id='word_1_24' title='bbox 1798 1712 2074 1791; x_wconf 87' lang='lat' dir='ltr'>indices</span> <span class='ocrx_word' id='word_1_25' title='bbox 2143 1713 2354 1789; x_wconf 90' lang='lat' dir='ltr'>omisi</span> <span class='ocrx_word' id='word_1_26' title='bbox 2414 1713 2755 1813; x_wconf 86' lang='lat' dir='ltr'>quamvis</span> 
     </span>
     <span class='ocr_line' id='line_1_6' title="bbox 444 1824 2756 1906; baseline 0.002 -7"><span class='ocrx_word' id='word_1_27' title='bbox 444 1824 747 1903; x_wconf 85' lang='lat' dir='ltr'>invitus.</span> <span class='ocrx_word' id='word_1_28' title='bbox 874 1827 1175 1903; x_wconf 85' lang='lat' dir='ltr'>Etenim</span> <span class='ocrx_word' id='word_1_29' title='bbox 1244 1856 1414 1904; x_wconf 91' lang='lat' dir='ltr'>cum</span> <span class='ocrx_word' id='word_1_30' title='bbox 1480 1836 1722 1904; x_wconf 87' lang='lat' dir='ltr'>totam</span> <span class='ocrx_word' id='word_1_31' title='bbox 1790 1829 2233 1906; x_wconf 85' lang='lat' dir='ltr'><strong>scholiorum</strong></span> <span class='ocrx_word' id='word_1_32' title='bbox 2300 1832 2380 1904; x_wconf 89' lang='lat' dir='ltr'>in</span> <span class='ocrx_word' id='word_1_33' title='bbox 2449 1830 2756 1904; x_wconf 83' lang='lat' dir='ltr'>Iliadem</span> 
     </span>
     <span class='ocr_line' id='line_1_7' title="bbox 448 1942 2757 2047; baseline 0.001 -31"><span class='ocrx_word' id='word_1_34' title='bbox 448 1942 845 2018; x_wconf 76' lang='lat' dir='ltr'>editionem</span> <span class='ocrx_word' id='word_1_35' title='bbox 884 1945 1378 2022; x_wconf 90' lang='lat' dir='ltr'>Oxoniensem</span> <span class='ocrx_word' id='word_1_36' title='bbox 1424 1949 1806 2021; x_wconf 79' lang='lat' dir='ltr'>nominum</span> <span class='ocrx_word' id='word_1_37' title='bbox 1857 1948 2297 2047; x_wconf 89' lang='lat' dir='ltr'>scriptorum</span> <span class='ocrx_word' id='word_1_38' title='bbox 2334 1946 2757 2047; x_wconf 84' lang='lat' dir='ltr'>grammati-</span> 
     </span>
     <span class='ocr_line' id='line_1_8' title="bbox 446 2062 2757 2163; baseline 0.001 -29"><span class='ocrx_word' id='word_1_39' title='bbox 446 2085 699 2135; x_wconf 87' lang='lat' dir='ltr'>carum</span> <span class='ocrx_word' id='word_1_40' title='bbox 732 2069 978 2136; x_wconf 86' lang='lat' dir='ltr'>rerum</span> <span class='ocrx_word' id='word_1_41' title='bbox 1014 2062 1379 2138; x_wconf 90' lang='lat' dir='ltr'>indicibus</span> <span class='ocrx_word' id='word_1_42' title='bbox 1419 2062 1660 2163; x_wconf 91' lang='lat' dir='ltr'>plenis</span> <span class='ocrx_word' id='word_1_43' title='bbox 1713 2063 2228 2163; x_wconf 88' lang='lat' dir='ltr'>adcuratisque</span> <span class='ocrx_word' id='word_1_44' title='bbox 2281 2089 2436 2139; x_wconf 89' lang='lat' dir='ltr'>esse</span> <span class='ocrx_word' id='word_1_45' title='bbox 2487 2064 2597 2138; x_wconf 89' lang='lat' dir='ltr'>ita</span> <span class='ocrx_word' id='word_1_46' title='bbox 2649 2063 2757 2137; x_wconf 90' lang='lat' dir='ltr'>in-</span> 
     </span>
     <span class='ocr_line' id='line_1_9' title="bbox 447 2178 2755 2269; baseline 0.002 -18"><span class='ocrx_word' id='word_1_47' title='bbox 447 2178 1007 2269; x_wconf 88' lang='lat' dir='ltr'>struendam,ut</span> <span class='ocrx_word' id='word_1_48' title='bbox 1032 2181 1253 2255; x_wconf 87' lang='lat' dir='ltr'>simul</span> <span class='ocrx_word' id='word_1_49' title='bbox 1279 2181 1684 2256; x_wconf 74' lang='lat' dir='ltr'>necessaria</span> <span class='ocrx_word' id='word_1_50' title='bbox 1711 2179 1952 2255; x_wconf 82' lang='lat' dir='ltr'>multa</span> <span class='ocrx_word' id='word_1_51' title='bbox 1978 2181 2075 2256; x_wconf 91' lang='lat' dir='ltr'>ad</span> <span class='ocrx_word' id='word_1_52' title='bbox 2097 2180 2475 2256; x_wconf 88' lang='lat' dir='ltr'>volumina</span> <span class='ocrx_word' id='word_1_53' title='bbox 2501 2178 2755 2256; x_wconf 94' lang='lat' dir='ltr'>I—IV</span> 
     </span>
     <span class='ocr_line' id='line_1_10' title="bbox 448 2295 2758 2399; baseline 0.002 -30"><span class='ocrx_word' id='word_1_54' title='bbox 448 2295 948 2396; x_wconf 76' lang='lat' dir='ltr'>suppleantur,</span> <span class='ocrx_word' id='word_1_55' title='bbox 988 2307 1360 2399; x_wconf 72' lang='lat' dir='ltr'>appareat,</span> <span class='ocrx_word' id='word_1_56' title='bbox 1396 2325 1476 2373; x_wconf 92' lang='lat' dir='ltr'>re</span> <span class='ocrx_word' id='word_1_57' title='bbox 1511 2297 1789 2373; x_wconf 90' lang='lat' dir='ltr'>dudum</span> <span class='ocrx_word' id='word_1_58' title='bbox 1846 2324 2224 2398; x_wconf 86' lang='lat' dir='ltr'>perpensa,</span> <span class='ocrx_word' id='word_1_59' title='bbox 2264 2299 2611 2398; x_wconf 91' lang='lat' dir='ltr'>quoniam</span> <span class='ocrx_word' id='word_1_60' title='bbox 2662 2324 2758 2373; x_wconf 90' lang='lat' dir='ltr'>ne</span> 
     </span>
     <span class='ocr_line' id='line_1_11' title="bbox 446 2413 2757 2514; baseline 0.001 -27"><span class='ocrx_word' id='word_1_61' title='bbox 446 2413 566 2487; x_wconf 88' lang='lat' dir='ltr'>his</span> <span class='ocrx_word' id='word_1_62' title='bbox 624 2440 754 2488; x_wconf 89' lang='lat' dir='ltr'>sex</span> <span class='ocrx_word' id='word_1_63' title='bbox 813 2414 1112 2514; x_wconf 90' lang='lat' dir='ltr'>quidem</span> <span class='ocrx_word' id='word_1_64' title='bbox 1169 2414 1676 2490; x_wconf 86' lang='lat' dir='ltr'>voluminibus</span> <span class='ocrx_word' id='word_1_65' title='bbox 1727 2415 2188 2491; x_wconf 86' lang='lat' dir='ltr'>satisfactum</span> <span class='ocrx_word' id='word_1_66' title='bbox 2259 2442 2416 2490; x_wconf 89' lang='lat' dir='ltr'>esse</span> <span class='ocrx_word' id='word_1_67' title='bbox 2483 2415 2757 2490; x_wconf 86' lang='lat' dir='ltr'>litteris</span> 
     </span>
     <span class='ocr_line' id='line_1_12' title="bbox 448 2530 2758 2634; baseline 0.001 -29"><span class='ocrx_word' id='word_1_68' title='bbox 448 2530 860 2607; x_wconf 79' lang='lat' dir='ltr'>Homericis</span> <span class='ocrx_word' id='word_1_69' title='bbox 893 2532 1018 2608; x_wconf 90' lang='lat' dir='ltr'>sed</span> <span class='ocrx_word' id='word_1_70' title='bbox 1056 2532 1331 2634; x_wconf 89' lang='lat' dir='ltr'>requiri</span> <span class='ocrx_word' id='word_1_71' title='bbox 1367 2559 1513 2633; x_wconf 95' lang='lat' dir='ltr'>quo</span> <span class='ocrx_word' id='word_1_72' title='bbox 1552 2559 1745 2634; x_wconf 89' lang='lat' dir='ltr'>quae</span> <span class='ocrx_word' id='word_1_73' title='bbox 1780 2532 2067 2608; x_wconf 89' lang='lat' dir='ltr'>minora</span> <span class='ocrx_word' id='word_1_74' title='bbox 2101 2532 2452 2608; x_wconf 89' lang='lat' dir='ltr'>dicuntur</span> <span class='ocrx_word' id='word_1_75' title='bbox 2482 2532 2758 2608; x_wconf 90' lang='lat' dir='ltr'>scholia</span> 
     </span>
     <span class='ocr_line' id='line_1_13' title="bbox 450 2639 2758 2751; baseline 0.001 -29"><span class='ocrx_word' id='word_1_76' title='bbox 450 2648 522 2722; x_wconf 91' lang='lat' dir='ltr'><strong>D</strong></span> <span class='ocrx_word' id='word_1_77' title='bbox 574 2639 1288 2750; x_wconf 83' lang='lat' dir='ltr'>comprehendantur</span> <span class='ocrx_word' id='word_1_78' title='bbox 1336 2650 1739 2751; x_wconf 89' lang='lat' dir='ltr'>septimum</span> <span class='ocrx_word' id='word_1_79' title='bbox 1793 2650 2154 2741; x_wconf 80' lang='lat' dir='ltr'>intellexi,</span> <span class='ocrx_word' id='word_1_80' title='bbox 2194 2650 2474 2739; x_wconf 79' lang='lat' dir='ltr'>destiti,</span> <span class='ocrx_word' id='word_1_81' title='bbox 2509 2677 2602 2726; x_wconf 92' lang='lat' dir='ltr'>ne</span> <span class='ocrx_word' id='word_1_82' title='bbox 2652 2652 2758 2725; x_wconf 90' lang='lat' dir='ltr'>in-</span> 
     </span>
     <span class='ocr_line' id='line_1_14' title="bbox 450 2766 2757 2869; baseline 0 -28"><span class='ocrx_word' id='word_1_83' title='bbox 450 2766 697 2842; x_wconf 91' lang='lat' dir='ltr'>dicum</span> <span class='ocrx_word' id='word_1_84' title='bbox 747 2767 1087 2843; x_wconf 87' lang='lat' dir='ltr'>fasciculo</span> <span class='ocrx_word' id='word_1_85' title='bbox 1133 2767 1626 2843; x_wconf 84' lang='lat' dir='ltr'>excludantur</span> <span class='ocrx_word' id='word_1_86' title='bbox 1660 2796 1850 2869; x_wconf 91' lang='lat' dir='ltr'>quae</span> <span class='ocrx_word' id='word_1_87' title='bbox 1886 2769 2150 2869; x_wconf 90' lang='lat' dir='ltr'>quanti</span> <span class='ocrx_word' id='word_1_88' title='bbox 2200 2769 2296 2843; x_wconf 88' lang='lat' dir='ltr'>ad</span> <span class='ocrx_word' id='word_1_89' title='bbox 2336 2794 2552 2843; x_wconf 90' lang='lat' dir='ltr'>usum</span> <span class='ocrx_word' id='word_1_90' title='bbox 2589 2795 2757 2843; x_wconf 88' lang='lat' dir='ltr'>cum</span> 
     </span>
     <span class='ocr_line' id='line_1_15' title="bbox 449 2884 2756 2962; baseline 0 -4"><span class='ocrx_word' id='word_1_91' title='bbox 449 2892 859 2960; x_wconf 90' lang='lat' dir='ltr'>ceterorum</span> <span class='ocrx_word' id='word_1_92' title='bbox 911 2885 1242 2961; x_wconf 91' lang='lat' dir='ltr'>codicum</span> <span class='ocrx_word' id='word_1_93' title='bbox 1292 2896 1458 2961; x_wconf 86' lang='lat' dir='ltr'>tum</span> <span class='ocrx_word' id='word_1_94' title='bbox 1513 2886 1780 2962; x_wconf 89' lang='lat' dir='ltr'>Veneti</span> <span class='ocrx_word' id='word_1_95' title='bbox 1816 2888 1890 2961; x_wconf 92' lang='lat' dir='ltr'>A</span> <span class='ocrx_word' id='word_1_96' title='bbox 1942 2885 2277 2961; x_wconf 87' lang='lat' dir='ltr'>facienda</span> <span class='ocrx_word' id='word_1_97' title='bbox 2312 2893 2556 2960; x_wconf 81' lang='lat' dir='ltr'>essent</span> <span class='ocrx_word' id='word_1_98' title='bbox 2595 2884 2756 2960; x_wconf 84' lang='lat' dir='ltr'>dixi</span> 
     </span>
     <span class='ocr_line' id='line_1_16' title="bbox 402 3001 2759 3104; baseline -0 -24"><span class='ocrx_word' id='word_1_99' title='bbox 402 3079 407 3080; x_wconf 8' lang='lat' dir='ltr'>a</span> <span class='ocrx_word' id='word_1_100' title='bbox 451 3028 590 3102; x_wconf 87' lang='lat' dir='ltr'>ego</span> <span class='ocrx_word' id='word_1_101' title='bbox 622 3002 906 3101; x_wconf 90' lang='lat' dir='ltr'>primus</span> <span class='ocrx_word' id='word_1_102' title='bbox 941 3002 1142 3102; x_wconf 91' lang='lat' dir='ltr'>quod</span> <span class='ocrx_word' id='word_1_103' title='bbox 1176 3003 1396 3077; x_wconf 85' lang='lat' dir='ltr'>sciam</span> <span class='ocrx_word' id='word_1_104' title='bbox 1438 3003 1607 3104; x_wconf 86' lang='lat' dir='ltr'>(vol.</span> <span class='ocrx_word' id='word_1_105' title='bbox 1637 3001 1706 3079; x_wconf 92' lang='lat' dir='ltr'><strong>V</strong></span> <span class='ocrx_word' id='word_1_106' title='bbox 1741 3032 1812 3103; x_wconf 92' lang='lat' dir='ltr'>p.</span> <span class='ocrx_word' id='word_1_107' title='bbox 1842 3005 2004 3078; x_wconf 88' lang='lat' dir='ltr'>xxii</span> <span class='ocrx_word' id='word_1_108' title='bbox 2038 3003 2248 3104; x_wconf 88' lang='lat' dir='ltr'>sqq.).</span> <span class='ocrx_word' id='word_1_109' title='bbox 2365 3003 2635 3078; x_wconf 82' lang='lat' dir='ltr'>Postea</span> <span class='ocrx_word' id='word_1_110' title='bbox 2679 3013 2759 3080; x_wconf 91' lang='lat' dir='ltr'>et</span> 
     </span>
     <span class='ocr_line' id='line_1_17' title="bbox 450 3119 2759 3220; baseline 0.001 -27"><span class='ocrx_word' id='word_1_111' title='bbox 450 3119 1073 3196; x_wconf 87' lang='lat' dir='ltr'>Wilamowitzius</span> <span class='ocrx_word' id='word_1_112' title='bbox 1141 3121 1392 3196; x_wconf 91' lang='lat' dir='ltr'>Herm.</span> <span class='ocrx_word' id='word_1_113' title='bbox 1466 3120 1607 3196; x_wconf 86' lang='lat' dir='ltr'>vol.</span> <span class='ocrx_word' id='word_1_114' title='bbox 1673 3120 1905 3194; x_wconf 93' lang='lat' dir='ltr'>XXII</span> <span class='ocrx_word' id='word_1_115' title='bbox 1968 3148 2038 3220; x_wconf 89' lang='lat' dir='ltr'>p.</span> <span class='ocrx_word' id='word_1_116' title='bbox 2100 3129 2243 3216; x_wconf 85' lang='lat'>635</span> <span class='ocrx_word' id='word_1_117' title='bbox 2310 3147 2419 3220; x_wconf 92' lang='lat' dir='ltr'>sq.</span> <span class='ocrx_word' id='word_1_118' title='bbox 2481 3127 2555 3196; x_wconf 89' lang='lat' dir='ltr'>et</span> <span class='ocrx_word' id='word_1_119' title='bbox 2622 3147 2759 3218; x_wconf 88' lang='lat' dir='ltr'>ego</span> 
     </span>
     <span class='ocr_line' id='line_1_18' title="bbox 451 3236 2758 3336; baseline -0 -23"><span class='ocrx_word' id='word_1_120' title='bbox 451 3238 678 3313; x_wconf 89' lang='lat' dir='ltr'>etiam</span> <span class='ocrx_word' id='word_1_121' title='bbox 726 3238 806 3312; x_wconf 91' lang='lat' dir='ltr'>in</span> <span class='ocrx_word' id='word_1_122' title='bbox 857 3237 1210 3336; x_wconf 85' lang='lat' dir='ltr'>Hesychii</span> <span class='ocrx_word' id='word_1_123' title='bbox 1241 3238 1528 3314; x_wconf 86' lang='lat' dir='ltr'>lexicon</span> <span class='ocrx_word' id='word_1_124' title='bbox 1579 3237 1848 3313; x_wconf 89' lang='lat' dir='ltr'>bonam</span> <span class='ocrx_word' id='word_1_125' title='bbox 1901 3236 2336 3312; x_wconf 90' lang='lat' dir='ltr'>scholiorum</span> <span class='ocrx_word' id='word_1_126' title='bbox 2391 3237 2758 3312; x_wconf 92' lang='lat' dir='ltr'>minorum</span> 
     </span>
     <span class='ocr_line' id='line_1_19' title="bbox 448 3355 2757 3457; baseline -0.001 -26"><span class='ocrx_word' id='word_1_127' title='bbox 448 3366 737 3457; x_wconf 86' lang='lat' dir='ltr'>partem</span> <span class='ocrx_word' id='word_1_128' title='bbox 763 3382 953 3456; x_wconf 88' lang='lat' dir='ltr'>quae</span> <span class='ocrx_word' id='word_1_129' title='bbox 987 3355 1081 3430; x_wconf 90' lang='lat' dir='ltr'>ad</span> <span class='ocrx_word' id='word_1_130' title='bbox 1115 3355 1585 3456; x_wconf 87' lang='lat' dir='ltr'>explicandas</span> <span class='ocrx_word' id='word_1_131' title='bbox 1606 3382 1821 3430; x_wconf 86' lang='lat' dir='ltr'>voces</span> <span class='ocrx_word' id='word_1_132' title='bbox 1858 3364 2147 3455; x_wconf 89' lang='lat' dir='ltr'>spectat</span> <span class='ocrx_word' id='word_1_133' title='bbox 2173 3363 2757 3454; x_wconf 85' lang='lat' dir='ltr'>transsumptam</span> 
     </span>
     <span class='ocr_line' id='line_1_20' title="bbox 452 3470 2758 3575; baseline -0.001 -26"><span class='ocrx_word' id='word_1_134' title='bbox 452 3474 986 3575; x_wconf 89' lang='lat' dir='ltr'>perspeximus,</span> <span class='ocrx_word' id='word_1_135' title='bbox 1041 3483 1119 3549; x_wconf 92' lang='lat' dir='ltr'>et</span> <span class='ocrx_word' id='word_1_136' title='bbox 1167 3500 1357 3549; x_wconf 86' lang='lat' dir='ltr'>novo</span> <span class='ocrx_word' id='word_1_137' title='bbox 1403 3499 1643 3574; x_wconf 89' lang='lat' dir='ltr'>nuper</span> <span class='ocrx_word' id='word_1_138' title='bbox 1675 3473 2096 3549; x_wconf 86' lang='lat' dir='ltr'>testimonio</span> <span class='ocrx_word' id='word_1_139' title='bbox 2147 3472 2227 3547; x_wconf 89' lang='lat' dir='ltr'>in</span> <span class='ocrx_word' id='word_1_140' title='bbox 2277 3470 2758 3548; x_wconf 89' lang='lat' dir='ltr'>relationibus</span> 
     </span>
     <span class='ocr_line' id='line_1_21' title="bbox 449 3587 2756 3691; baseline -0.001 -24"><span class='ocrx_word' id='word_1_141' title='bbox 449 3591 888 3667; x_wconf 86' lang='lat' dir='ltr'>Academiae</span> <span class='ocrx_word' id='word_1_142' title='bbox 940 3591 1367 3666; x_wconf 79' lang='lat' dir='ltr'>Borussicae</span> <span class='ocrx_word' id='word_1_143' title='bbox 1420 3590 1591 3664; x_wconf 86' lang='lat' dir='ltr'>anni</span> <span class='ocrx_word' id='word_1_144' title='bbox 1665 3596 1850 3686; x_wconf 86' lang='lat'><em>1887</em></span> <span class='ocrx_word' id='word_1_145' title='bbox 1904 3617 1974 3691; x_wconf 91' lang='lat' dir='ltr'>p.</span> <span class='ocrx_word' id='word_1_146' title='bbox 2030 3593 2175 3665; x_wconf 83' lang='lat'>816</span> <span class='ocrx_word' id='word_1_147' title='bbox 2233 3617 2392 3690; x_wconf 90' lang='lat' dir='ltr'>sqq.</span> <span class='ocrx_word' id='word_1_148' title='bbox 2445 3587 2756 3690; x_wconf 84' lang='lat' dir='ltr'>vulgato</span> 
     </span>
     <span class='ocr_line' id='line_1_22' title="bbox 453 3707 2756 3810; baseline 0 -27"><span class='ocrx_word' id='word_1_149' title='bbox 453 3736 737 3810; x_wconf 81' lang='lat' dir='ltr'>papyro</span> <span class='ocrx_word' id='word_1_150' title='bbox 835 3707 1157 3809; x_wconf 89' lang='lat' dir='ltr'>quodam</span> <span class='ocrx_word' id='word_1_151' title='bbox 1240 3708 1627 3808; x_wconf 79' lang='lat' dir='ltr'>Aegyptio</span> <span class='ocrx_word' id='word_1_152' title='bbox 1713 3717 2058 3808; x_wconf 87' lang='lat' dir='ltr'>apertum</span> <span class='ocrx_word' id='word_1_153' title='bbox 2144 3715 2262 3783; x_wconf 91' lang='lat' dir='ltr'>est</span> <span class='ocrx_word' id='word_1_154' title='bbox 2347 3707 2495 3782; x_wconf 90' lang='lat' dir='ltr'>iam</span> <span class='ocrx_word' id='word_1_155' title='bbox 2580 3715 2756 3783; x_wconf 89' lang='lat' dir='ltr'>ante</span> 
     </span>
     <span class='ocr_line' id='line_1_23' title="bbox 453 3824 2753 3926; baseline 0 -24"><span class='ocrx_word' id='word_1_156' title='bbox 453 3826 828 3903; x_wconf 82' lang='lat' dir='ltr'>saeculum</span> <span class='ocrx_word' id='word_1_157' title='bbox 881 3827 1190 3901; x_wconf 87' lang='lat' dir='ltr'>tertium</span> <span class='ocrx_word' id='word_1_158' title='bbox 1228 3852 1296 3926; x_wconf 94' lang='lat' dir='ltr'>p.</span> <span class='ocrx_word' id='word_1_159' title='bbox 1337 3824 1507 3902; x_wconf 81' lang='lat' dir='ltr'>Chr.</span> <span class='ocrx_word' id='word_1_160' title='bbox 1553 3824 1755 3900; x_wconf 86' lang='lat' dir='ltr'>illam</span> <span class='ocrx_word' id='word_1_161' title='bbox 1808 3824 2171 3926; x_wconf 81' lang='lat' dir='ltr'>syllogam</span> <span class='ocrx_word' id='word_1_162' title='bbox 2208 3826 2281 3900; x_wconf 90' lang='lat' dir='ltr'>D</span> <span class='ocrx_word' id='word_1_163' title='bbox 2330 3825 2702 3900; x_wconf 84' lang='lat' dir='ltr'>exstitisse</span> <span class='ocrx_word' id='word_1_164' title='bbox 2738 3854 2753 3902; x_wconf 92' lang='lat'>:</span> 
     </span>
     <span class='ocr_line' id='line_1_24' title="bbox 452 3938 2752 4040; baseline 0 -24"><span class='ocrx_word' id='word_1_165' title='bbox 452 3942 545 4016; x_wconf 89' lang='lat' dir='ltr'>de</span> <span class='ocrx_word' id='word_1_166' title='bbox 580 3968 727 4040; x_wconf 89' lang='lat' dir='ltr'>quo</span> <span class='ocrx_word' id='word_1_167' title='bbox 762 3939 1093 4016; x_wconf 88' lang='lat' dir='ltr'>subsidio</span> <span class='ocrx_word' id='word_1_168' title='bbox 1126 3938 1683 4014; x_wconf 86' lang='lat' dir='ltr'>Wilamowitzii</span> <span class='ocrx_word' id='word_1_169' title='bbox 1733 3939 2253 4015; x_wconf 82' lang='lat' dir='ltr'>commentatio</span> <span class='ocrx_word' id='word_1_170' title='bbox 2290 3938 2572 4038; x_wconf 90' lang='lat' dir='ltr'>(Herm.</span> <span class='ocrx_word' id='word_1_171' title='bbox 2615 3938 2752 4016; x_wconf 87' lang='lat' dir='ltr'>vol.</span> 
     </span>
     <span class='ocr_line' id='line_1_25' title="bbox 454 4054 2759 4160; baseline 0 -29"><span class='ocrx_word' id='word_1_172' title='bbox 454 4058 729 4132; x_wconf 92' lang='lat' dir='ltr'>XXIII</span> <span class='ocrx_word' id='word_1_173' title='bbox 799 4086 870 4160; x_wconf 93' lang='lat' dir='ltr'>p.</span> <span class='ocrx_word' id='word_1_174' title='bbox 939 4056 1309 4155; x_wconf 90' lang='lat'>142—147)</span> <span class='ocrx_word' id='word_1_175' title='bbox 1371 4054 1712 4130; x_wconf 90' lang='lat' dir='ltr'>adeunda</span> <span class='ocrx_word' id='word_1_176' title='bbox 1769 4063 1901 4131; x_wconf 92' lang='lat' dir='ltr'>est.</span> <span class='ocrx_word' id='word_1_177' title='bbox 2008 4054 2377 4130; x_wconf 89' lang='lat' dir='ltr'>Neutrum</span> <span class='ocrx_word' id='word_1_178' title='bbox 2438 4082 2575 4155; x_wconf 87' lang='lat' dir='ltr'>ego</span> <span class='ocrx_word' id='word_1_179' title='bbox 2624 4082 2759 4131; x_wconf 89' lang='lat' dir='ltr'>nec</span> 
     </span>
     <span class='ocr_line' id='line_1_26' title="bbox 454 4172 2758 4272; baseline -0.001 -22"><span class='ocrx_word' id='word_1_180' title='bbox 454 4174 894 4251; x_wconf 88' lang='lat' dir='ltr'>scholiorum</span> <span class='ocrx_word' id='word_1_181' title='bbox 961 4187 980 4215; x_wconf 85' lang='lat'>‘</span> <span class='ocrx_word' id='word_1_182' title='bbox 1004 4174 1408 4250; x_wconf 87' lang='lat' dir='ltr'>minorum’</span> <span class='ocrx_word' id='word_1_183' title='bbox 1482 4172 1881 4248; x_wconf 82' lang='lat' dir='ltr'>editionem</span> <span class='ocrx_word' id='word_1_184' title='bbox 1953 4198 2103 4272; x_wconf 89' lang='lat' dir='ltr'>qua</span> <span class='ocrx_word' id='word_1_185' title='bbox 2160 4197 2377 4271; x_wconf 85' lang='lat' dir='ltr'>aegre</span> <span class='ocrx_word' id='word_1_186' title='bbox 2427 4197 2758 4248; x_wconf 87' lang='lat' dir='ltr'>caremus</span> 
     </span>
     <span class='ocr_line' id='line_1_27' title="bbox 456 4287 2760 4393; baseline -0.001 -27"><span class='ocrx_word' id='word_1_187' title='bbox 456 4319 698 4393; x_wconf 88' lang='lat' dir='ltr'>neque</span> <span class='ocrx_word' id='word_1_188' title='bbox 759 4292 1034 4368; x_wconf 90' lang='lat' dir='ltr'>indices</span> <span class='ocrx_word' id='word_1_189' title='bbox 1091 4290 1513 4380; x_wconf 82' lang='lat' dir='ltr'>conficiam3</span> <span class='ocrx_word' id='word_1_190' title='bbox 1584 4289 1738 4364; x_wconf 89' lang='lat' dir='ltr'>fore</span> <span class='ocrx_word' id='word_1_191' title='bbox 1798 4300 2051 4364; x_wconf 91' lang='lat' dir='ltr'>tamen</span> <span class='ocrx_word' id='word_1_192' title='bbox 2120 4314 2332 4389; x_wconf 89' lang='lat' dir='ltr'>spero</span> <span class='ocrx_word' id='word_1_193' title='bbox 2390 4287 2521 4388; x_wconf 91' lang='lat' dir='ltr'>qui</span> <span class='ocrx_word' id='word_1_194' title='bbox 2589 4315 2760 4363; x_wconf 87' lang='lat' dir='ltr'>con-</span> 
     </span>
     <span class='ocr_line' id='line_1_28' title="bbox 454 4408 724 4485; baseline 0.007 -3"><span class='ocrx_word' id='word_1_195' title='bbox 454 4408 724 4485; x_wconf 85' lang='lat' dir='ltr'>ficiant.</span> 
     </span>
     <span class='ocr_line' id='line_1_29' title="bbox 563 4514 2758 4627; baseline -0.004 -26"><span class='ocrx_word' id='word_1_196' title='bbox 563 4553 625 4603; x_wconf 90' lang='lat'>2.</span> <span class='ocrx_word' id='word_1_197' title='bbox 680 4525 1002 4601; x_wconf 87' lang='lat' dir='ltr'>Notulae</span> <span class='ocrx_word' id='word_1_198' title='bbox 1055 4551 1258 4599; x_wconf 88' lang='lat' dir='ltr'>meae</span> <span class='ocrx_word' id='word_1_199' title='bbox 1308 4523 1752 4627; x_wconf 87' lang='lat' dir='ltr'>marginales</span> <span class='ocrx_word' id='word_1_200' title='bbox 1799 4522 1978 4623; x_wconf 87' lang='lat' dir='ltr'>quid</span> <span class='ocrx_word' id='word_1_201' title='bbox 2031 4522 2175 4596; x_wconf 87' lang='lat' dir='ltr'>sibi</span> <span class='ocrx_word' id='word_1_202' title='bbox 2228 4520 2484 4605; x_wconf 87' lang='lat' dir='ltr'>velint,</span> <span class='ocrx_word' id='word_1_203' title='bbox 2530 4514 2675 4591; x_wconf 86' lang='lat' dir='ltr'>vol.</span> <span class='ocrx_word' id='word_1_204' title='bbox 2718 4519 2758 4593; x_wconf 96' lang='lat' dir='ltr'>I</span> 
     </span>
     <span class='ocr_line' id='line_1_30' title="bbox 458 4630 2766 4745; baseline -0.006 -25"><span class='ocrx_word' id='word_1_205' title='bbox 458 4671 529 4745; x_wconf 89' lang='lat' dir='ltr'>p.</span> <span class='ocrx_word' id='word_1_206' title='bbox 567 4645 693 4720; x_wconf 79' lang='lat' dir='ltr'>xiv</span> <span class='ocrx_word' id='word_1_207' title='bbox 731 4643 1014 4718; x_wconf 89' lang='lat' dir='ltr'>dictum</span> <span class='ocrx_word' id='word_1_208' title='bbox 1061 4650 1192 4717; x_wconf 89' lang='lat' dir='ltr'>est.</span> <span class='ocrx_word' id='word_1_209' title='bbox 1296 4643 1461 4737; x_wconf 83' lang='lat' dir='ltr'>Qua</span> <span class='ocrx_word' id='word_1_210' title='bbox 1498 4644 1579 4718; x_wconf 92' lang='lat' dir='ltr'>in</span> <span class='ocrx_word' id='word_1_211' title='bbox 1615 4669 1693 4716; x_wconf 90' lang='lat' dir='ltr'>re</span> <span class='ocrx_word' id='word_1_212' title='bbox 1727 4669 1819 4715; x_wconf 92' lang='lat' dir='ltr'>ne</span> <span class='ocrx_word' id='word_1_213' title='bbox 1857 4640 2140 4740; x_wconf 89' lang='lat' dir='ltr'>parcior</span> <span class='ocrx_word' id='word_1_214' title='bbox 2171 4634 2442 4711; x_wconf 85' lang='lat' dir='ltr'>fuerim</span> <span class='ocrx_word' id='word_1_215' title='bbox 2495 4630 2766 4707; x_wconf 87' lang='lat' dir='ltr'>timen-</span> 
     </span>
    </p>
   </div>
  </div>
 </body>
</html>
