3298 5195
621 369 750 431 510
1451 372 1792 433 ιΛιΑΔοΣ
1842 373 1909 432 Ε.
1958 368 2089 454 (5)

703 555 811 622 47.
856 538 1173 630 στυγερός]
1204 545 1461 623 μισητός
1719 553 1827 623 54.
1874 536 2227 628 ἑκηβολίαι]
2260 543 2325 605 αἰ
2356 541 2675 626 εὖστοχίαι
2704 540 2842 611 Α-Ι-

709 659 811 727 70.
856 641 1040 734 πύκα]
1075 649 1379 727 ἐπιμελῶς
1759 663 1768 671 ’

712 763 811 834 73.
861 751 941 834 <“
962 752 1117 814 ἰνίον
1135 750 1247 833 ”>]
1277 750 1348 814 τὸ
1379 754 1589 816 κοῖλον
1619 755 1724 814 τοῦ
1751 748 2043 815 τένοντος·
2092 748 2376 828 κέκληται
2410 751 2478 813 δὲ
2509 748 2663 811 οὕτω
2708 750 2810 812 διὰ
2854 747 2932 811 τὸ

622 852 776 917 εἶναι
801 859 1105 935 νευρῶδες.
1145 850 1184 933 ἢ
1209 853 1408 920 πλατὺ
1433 850 1530 919 καὶ
1560 854 1726 936 παχὺ
1757 858 1967 934 νεῦρον
1988 858 2058 917 τὸ
2085 856 2350 932 καθῆκον
2371 853 2494 917 ἀπὸ
2516 855 2622 932 τῆς
2653 852 2933 934 κεφαλῆς

559 968 594 1029 5
623 954 725 1021 ἐπὶ
753 956 860 1022 τὸν
889 957 1120 1041 αὐχένα
1147 957 1349 1020 AB:

712 1075 813 1143 74.
862 1061 951 1128 ἀν’
984 1057 1501 1150 ὀδόντας-τάμε]
1536 1061 1706 1126 διιὼν
1734 1059 1995 1141 ἆνέταμε
2022 1060 2160 1128 τοὺς
2189 1061 2440 1128 ὀδόντας
2472 1058 2527 1123 Β
2546 1075 2600 1130 4-

710 1177 809 1247 75.
855 1163 1128 1252 ψνχρόν]
1189 1164 1227 1244 ἢ
1287 1165 1394 1230 τὸν
1451 1169 1523 1253 τῇ
1585 1166 1844 1250 ἀληθείᾳ
1901 1171 2147 1249 ψυχρὸν
2208 1166 2370 1241 ὄντα,
2420 1162 2458 1244 ἢ
2518 1165 2626 1229 τὸν
2684 1163 2934 1246 ψύχους

624 1270 819 1334 αἴτιον
846 1268 979 1348 ἤτοι
1011 1268 1269 1334 θανάτου
1296 1271 1360 1333 Α
1377 1285 1431 1340 -Ι-

715 1373 816 1452 78.
864 1370 1115 1456 ἆρητήρ]
1149 1373 1339 1455 ἱερεύς
1605 1371 1706 1438 81.
1754 1368 2172 1461 άπὸ-ἔξεσε]
2211 1372 2403 1458 (οὐκ)
2439 1371 2753 1467 ἀπέκοψεν
2782 1369 2919 1443 Β-Ι·

523 1489 597 1530 10
714 1476 816 1560 89.
864 1473 1167 1564 ἐερμέναι]
1202 1476 1684 1557 ἀσφαλισμέναι,
1713 1475 2279 1560 περιπεφραγμέναι

712 1597 819 1664 90.
864 1574 1068 1667 ἕρκεα]
1100 1581 1325 1663 τείχεα,
1355 1579 1824 1663 περιφράγματα

711 1699 817 1769 92.
864 1679 1031 1772 κάλ’]
1065 1683 1224 1748 καλά
1485 1696 1589 1765 95.
1638 1680 2191 1771 Λυκάονος-υἱός]
2227 1686 2261 1749 ὀ
2290 1683 2612 1766 Πάνδαρος

713 1787 818 1871 96.
863 1786 980 1868 πρὸ
1009 1782 1174 1875 ἕθεν]
1210 1787 1325 1870 πρὸ
1355 1786 1535 1852 αὐτοῦ
1799 1806 1902 1870 99.
1950 1783 2392 1875 διὰ-ἔπτατο]
2426 1790 2680 1866 διῆλθεν

720 1908 863 1953 100.
909 1886 1301 1978 παλάσσετο]
1336 1889 1659 1971 ἐμολύνετο
1690 1890 1982 1974 ἐβρέχετο

527 2009 602 2070 15
721 2011 864 2072 104.
909 1992 1069 2077 δῆθ’]
1100 1992 1200 2059 ἐπὶ
1232 1993 1391 2058 πολύ

915 2103 1075 2179 τρεῖς
1107 2098 1263 2163 ἰδέαι
1290 2098 1681 2178 βελουλκίας,
1715 2096 1939 2178 ἐξολκῆ
1972 2097 2192 2178 ἐκτομῆ
2225 2100 2324 2163 καὶ
2355 2100 2621 2179 διωσμός
2652 2118 2777 2163 rec.

718 2221 749 2266 1
767 2219 865 2285 13.
913 2197 1261 2289 στρεπτοῖο]
1287 2207 1391 2265 τοῦ
1418 2203 1817 2279 ἆλυσιδωτοῢ,
1842 2205 1951 2265 τοῦ
1981 2200 2348 2284 εὗστρέπτου

721 2324 749 2369 1
766 2321 864 2387 17.
911 2299 1121 2392 φῖλαι]
1156 2307 1433 2387 φίλησον
1700 2324 1723 2368 1
1740 2323 1842 2383 24.
1887 2301 2230 2394 μάχεσθαι]
2260 2304 2461 2391 μάχου
2490 2304 2630 2368 A=

721 2420 866 2489 125.
912 2403 1213 2495 ἐν-ἧκα]
1249 2407 1507 2489 ἐνέθηκα

527 2530 604 2572 20
722 2514 867 2577 126.
914 2512 1136 2595 ἔχεσκε
1166 2507 1592 2601 σακέσπαλος]
1627 2513 1797 2596 εἶχεν
1827 2515 1861 2578 ὀ
1889 2512 2149 2578 πάλλων
2177 2514 2249 2578 τὸ
2277 2512 2466 2580 σάκος

724 2617 867 2684 128.
914 2616 1064 2696 ἠμὲν
1095 2612 1264 2703 θεόν]
1298 2616 1405 2683 τὸν
1435 2618 1622 2684 ὄντως

615 2711 622 2720 ’
918 2717 1134 2810 ἄνδρα]
1167 2726 1274 2787 τὸν
1299 2724 1846 2804 μεταβαλλόμενον
1877 2725 1964 2790 είς
1994 2723 2182 2806 ἄνδρα

722 2842 866 2910 129.
912 2821 1078 2914 θεός]
1113 2826 1266 2889 οὕτω
1297 2824 1617 2890 λανθάνων
1647 2827 1716 2892 ἐν
1745 2827 2061 2909 ἀνθρώπου
2087 2825 2293 2913 μορφῇ
2329 2825 2463 2895 Α-Ι·

721 2946 865 3014 132.
917 2928 1294 3013 <οὗτάμεν>]
1344 2931 1444 2993 διὸ
1492 2929 1554 2992 τί
1594 2930 1741 3010 μίαν
1788 2930 1898 3009 τὴν
1956 2930 2323 3011 Ἀφροδίτην
2349 2953 2373 3004 ,·
2450 2932 2551 2993 διὸ
2608 2928 2678 2994 τὸ
2728 2955 2941 3012 προειυ

528 3057 604 3116 25
629 3031 872 3114 ρηκέναι
892 3038 1000 3099 τὸν
1024 3033 1146 3097 Δία
1167 3037 1199 3066 “
1219 3034 1300 3118 τῷ
1334 3030 1383 3096 δ’
1416 3031 1557 3097 αὖτε
1580 3033 1943 3114 φιλομειδὴς
1970 3032 2304 3115 Ἀφροδίτη
2331 3034 2452 3097 αἰεὶ
2482 3032 2943 3114 παρμέμβλωκε

632 3135 731 3201 καὶ
762 3135 942 3199 αὐτοῦ
973 3140 1153 3218 κῆρας
1183 3132 1435 3216 ἀμύνει”
1468 3134 1575 3223 (Il.
1605 3154 1672 3214 4.
1709 3154 1806 3215 10,
1836 3134 1919 3221 1),
1950 3136 2224 3200 τουτέστι
2254 3139 2337 3222 τῷ
2367 3134 2754 3222 Ἀλεξάνδρῳ
2784 3138 2929 3199 A=

725 3258 866 3324 134.
912 3237 1175 3322 ἐξαῦτις]
1198 3241 1264 3302 ἐκ
1296 3238 1573 3321 δευτέρου
1838 3240 1979 3324 138.
2019 3235 2292 3328 χραύσῃ]
2325 3237 2519 3326 ἀμύξῃ
2550 3259 2673 3304 rec.

724 3362 869 3422 144.
916 3337 1088 3429 ἕλεν]
1124 3344 1461 3424 ἐφόνευσεν
1682 3356 1825 3424 147.
1872 3339 2188 3432 ἐέργαθεν]
2228 3345 2540 3427 ἐχώρισεν,
2575 3342 2896 3426 ἀπέκοψεν

725 3465 866 3531 149.
913 3441 1364 3534 ὀνειροπόλοιο]
1402 3447 1803 3529 ὀνειροκρίτου

529 3576 606 3635 3ο
722 3566 866 3634 150.
917 3546 1199 3638 <τοῖσι>]
1233 3551 1467 3616 οἷστισι
1500 3551 1583 3632 μὴ
1625 3552 1942 3616 ἐπανιοῢσι
1985 3556 2091 3614 τοῦ
2133 3548 2405 3630 πολέμου
2436 3552 2470 3614 ὁ
2497 3550 2693 3635 γέρων
2739 3551 2941 3632 ἔκρινε

630 3655 768 3723 τοὺς
818 3655 1102 3738 ὀνείρους·
1169 3655 1302 3719 ἔστι
1345 3657 1462 3737 γὰρ
1506 3655 1574 3719 ἓν
1615 3661 1738 3720 τῶν
1780 3656 2168 3737 ἀμφιβόλων·
2234 3654 2368 3734 ἤτοι
2410 3681 2483 3737 γε
2529 3656 2940 3735 ἐμαντεύσατο

633 3758 713 3826 ὥς
737 3758 841 3823 οὐκ
867 3757 1388 3841 ἐπανερχομένοις,
1412 3755 1449 3838 ἢ
1475 3761 1543 3823 ἐν
1563 3757 1700 3837 ἤθει
1728 3758 1975 3842 λέγεται
1999 3760 2132 3823 ἀντὶ
2155 3764 2261 3823 τοῦ
2283 3758 2380 3823 ·οὗ
2402 3764 2655 3841 προεῖπε
2684 3760 2786 3823 διὰ
2812 3763 2938 3822 τῶν

633 3863 900 3945 ὀνείρων,
933 3863 1028 3926 ὅτι
1057 3859 1584 3944 άναιρεθήσονται’
1616 3861 1900 3934 A=B÷
2102 3879 2242 3946 155.
2291 3858 2598 3951 ἐξαίνυτο]
2636 3862 2937 3944 ἀφείλετο

727 3966 869 4047 158.
914 3961 1227 4051 δατέοντο]
1259 3966 1663 4049 διεμερίζοντο
1931 3965 2075 4045 164.
2112 3963 2309 4056 βῆσε]
2345 3969 2766 4049 κατεβίβασεν

533 4099 608 4163 35
729 4070 871 4152 167.
919 4069 996 4133 ἄν
1023 4094 1090 4134 τε
1117 4065 1353 4157 μάχην]
1386 4067 1503 4134 ἇνά
1531 4095 1599 4135 τε
1626 4068 1742 4149 τήν

728 4189 874 4257 175.
921 4173 989 4240 ὅς
1018 4198 1109 4240 τις
1138 4173 1241 4239 ὅδε
1272 4168 1537 4261 κρατέει]
1570 4174 1743 4240 ὅστις
1771 4172 1923 4237 ποτέ
1953 4175 2125 4241 ἐστιν
2155 4173 2328 4241 οὗτος
2357 4194 2481 4240 reo.

727 4278 872 4358 178.
919 4272 1090 4364 ἶρῶν]
1125 4276 1303 4341 ἕνεκα
1336 4283 1458 4341 τῶν
1488 4280 1716 4341 θυσιῶν

728 4384 873 4449 182.
919 4376 1246 4468 αὐλόπιδι]
1281 4380 1574 4445 αὐλίσκον
1605 4379 1851 4467 ἐχούσῃ,
1884 4380 2013 4444 καθ’
2051 4379 2122 4446 δν
2150 4378 2450 4464 πήγνυται
2482 4382 2515 4445 ὁ
2545 4382 2758 4463 λόφος,
2791 4380 2868 4447 ἵν’
2899 4381 2947 4469 ᾖ

638 4489 799 4555 εἶδος
821 4487 1321 4569 περικεφαλαίας·
1372 4481 1565 4565 φάλοι
1595 4482 1665 4548 δέ
1686 4486 1845 4548 εἰσιν
1876 4486 1935 4549 οἶ
1972 4484 2122 4550 κατὰ
2163 4484 2445 4566 μέτωπον
2476 4488 2583 4566 τῆς
2612 4493 2945 4569 περικεφα-

535 4618 615 4673 40
641 4594 821 4658 λαίας
849 4594 1073 4672 χρυσοῖ
1097 4588 1255 4669 ἧλοι,
1288 4585 1326 4666 ἢ
1358 4586 1709 4669 ἀστερίσκοι

730 4717 774 4772 7.
798 4704 1127 4769 τῆςάληθείας
1161 4710 1183 4767 n
1219 4720 1314 4770 9.
1315 4705 1674 4770 uepplviexB
1708 4711 1730 4767 u
1768 4720 1845 4771 3²·
1871 4706 2328 4770 zum-econvepkms
2346 4709 2398 4760 D
2444 4707 2865 4771 κλέλεκταιΑΙ)
