3298 5195
1103 0 1699 15 —v-u—-v--j
1724 0 2001 11 *mr*
2030 1 2067 6 *⁷
2140 1 2147 2 ‘
2334 0 2449 6 ᾖ

618 286 730 353 xvi
1519 286 2050 353 PRAEFATIO·

611 458 789 543 ἄλλη
825 456 969 533 W.
1022 456 1246 530 ἄλλων
1291 457 1444 558 [ib.
1499 465 1649 537 600
1704 458 1902 558 (414,
1945 458 2019 559 7)
2074 458 2489 560 Πατρόκλου
2534 458 2718 539 ooni.
2772 459 2917 539 W:

614 575 898 674 Ἀχιέλλ
864 608 976 654 ems·
1021 572 1032 675 Ι
1075 574 1171 650 ib.
1224 583 1371 670 629
1428 572 1626 675 (416,
1693 574 1810 675 15)
1858 574 2090 650 κυάνου
2137 576 2460 677 eorrigas
2511 603 2647 679 pro
2696 586 2922 654 κυανοῦ

618 690 627 787 Ι
665 691 761 766 ib.
803 693 946 785 692
988 691 1189 792 (421,
1228 691 1351 792 26)
1387 695 1863 793 πρεσβύτατος
1896 691 2037 770 W.
2073 694 2251 779 -zhm
2288 692 2304 795 Ι
2349 692 2447 769 ib.
2488 719 2582 789 29
2618 696 2710 769 I'e
2678 700 2922 795 ερῆνοις·

612 808 717 883 W
751 817 841 884 ut
875 810 993 884 A·
977 870 993 886 .
1047 810 1280 909 Γενρη’
1222 842 1372 890 uoce
1415 808 1427 910 Ι
1469 810 1565 885 ib.
1620 814 1769 904 814
1824 808 2022 910 (429,
2065 808 2186 909 24)
2239 810 2401 887 dele
2440 813 2572 906 (ἦ)
2620 812 2635 914 Ι
2678 810 2775 892 ib.
2824 839 2915 909 32

610 926 802 1001 adde
852 953 1020 1002 cum
1074 925 1181 1003 W
1236 927 1605 1025 (Ἀχιλλεῖ
1662 926 1750 1006 IL
1820 934 1929 1005 16.
1992 933 2082 1023 3>
2132 927 2145 1030 Ι
2189 929 2292 1004 ib.
2331 934 2482 1025 830
2531 930 2734 1029 (430,
2797 933 2919 1031 18)

606 1042 841 1117 πάσσε
872 1043 1149 1145 corrige
1184 1042 1263 1118 in
1295 1041 1643 1120 lemmate
1677 1070 1812 1145 pro
1844 1044 2108 1120 πάσσεν
2175 1046 2204 1146 ΙΙ
2282 1054 2391 1124 16.
2438 1072 2582 1144 233
2624 1047 2797 1149 (vol.
2835 1048 2918 1123 II

612 1188 683 1261 p.
733 1188 759 1237 1
781 1169 893 1257 76,
932 1160 1006 1261 8)
1046 1162 1358 1236 Δωδώνου
1389 1162 1833 1239 servandum
1867 1172 2000 1254 est,
2035 1163 2125 1241 of.
2164 1163 2413 1241 Herm.
2450 1164 2592 1242 vol.
2639 1165 2917 1242 XXIII

610 1305 681 1379 p.
721 1285 864 1375 615
944 1277 974 1377 ΙΙ
1056 1302 1170 1373 24.
1205 1285 1350 1356 602
1393 1278 1496 1380 (p.
1534 1285 1704 1377 478,
1762 1279 1936 1380 5-9)
1987 1305 2180 1381 quae
2229 1280 2440 1358 uncis
2490 1281 2783 1368 inclusi,
2827 1308 2916 1358 ea

610 1396 876 1472 Monro
929 1394 1262 1473 adhibita
1320 1396 1645 1474 tinctura
1696 1396 2023 1474 ohemiea
2071 1423 2152 1474 se
2207 1395 2476 1499 legisse
2529 1406 2860 1476 testatur
2889 1427 2911 1489 ς

609 1513 805 1590 idem
870 1512 916 1591 l.
983 1520 1030 1589 6
1106 1513 1468 1614 Πανδαρέφ
1528 1521 1609 1591 et
1660 1512 1708 1593 l.
1765 1520 1810 1592 8
1863 1524 2040 1593 ante
2105 1516 2271 1591 ὅντα
2331 1514 2518 1617 legit
2577 1517 2649 1591 δὲ
2709 1542 2909 1592 1111116

611 1629 1147 1708 oblitteratum.

712 1772 778 1846 5.
816 1747 1126 1826 Scholiis
1159 1748 1247 1824 Τ1
1284 1746 1590 1823 alterius
1622 1773 1888 1825 manus
1922 1747 2126 1851 (666.)
2159 1775 2345 1826 soeo.
2385 1746 2584 1825 XIII
2625 1746 2915 1826 addita-

608 1875 860 1943 menta
941 1865 1113 1940 inde
1180 1890 1227 1941 a
1296 1893 1368 1966 p.
1439 1872 1587 1960 486
1656 1865 2034 1957 subiunxi,
2106 1866 2381 1968 quibus
2453 1865 2915 1966 (rec)entiora

607 1992 980 2084 quatenus
1012 2007 1163 2058 non
1196 1981 1636 2059 viderentur
1674 1982 1963 2059 futtilia
2012 1983 2402 2062 immiscui.
2509 1982 2613 2060 Et
2660 1982 2916 2059 brevia

605 2099 904 2201 quidem
939 2098 1219 2176 scholia
1253 2108 1333 2175 et
1364 2098 1649 2200 glossae
1698 2126 1926 2203 supra
1974 2109 2295 2191 textum,
2327 2099 2540 2176 unde.
2563 2099 2914 2177 lemmata

607 2227 699 2293 ut
731 2216 811 2292 in
845 2216 1005 2318 pn*
1030 2214 1284 2317 petivi,
1312 2216 1848 2317 propemodum
1873 2217 2121 2292 omnia
2154 2215 2534 2318 leguntur,
2558 2216 2915 2319 ampliora

606 2335 685 2408 in
752 2332 1081 2434 margine
1113 2361 1128 2409 :
1197 2358 1389 2434 quae
1455 2332 1865 2410 discernere
1934 2333 2135 2410 inter
2200 2359 2281 2409 66
2364 2332 2602 2434 signis
2671 2334 2752 2410 in
2818 2335 2951 2414 T1.

605 2450 958 2528 adhibitis
982 2449 1207 2527 nolui.
1317 2450 1964 2552 Intermarginalia
2008 2449 2301 2552 signavi
2337 2448 2454 2521 **.
2555 2450 2706 2529 Ubi
2738 2450 2913 2528 lem-

604 2576 806 2644 mata
838 2567 1364 2669 marginalibus
1399 2566 1699 2645 scholiis
1734 2593 1872 2668 ego
1905 2566 2233 2670 praefixi,
2269 2565 2629 2646 cancellos
2667 2575 2708 2664 <
2866 2577 2905 2662 >

604 2685 1047 2763 circumdedi
1082 2695 1175 2761 ut
1206 2684 1418 2764 soleo.
1525 2684 2143 2763 Interlinearibus
2188 2685 2437 2776 tacite,
2472 2692 2560 2763 ut
2594 2685 2778 2778 dixi,
2818 2714 2911 2763 ex

604 2808 825 2879 textu
867 2801 1219 2878 lemmata
1268 2829 1408 2904 ego
1458 2802 2035 2904 adscripsi--T²
2073 2828 2243 2879 oum
2288 2801 2427 2878 AB
2474 2827 2910 2905 componere

506 2925 513 2930 ’
603 2946 866 3020 operae
886 2920 1209 3021 pretium
1234 2905 1419 2998 fuit-j:
1457 2920 1657 2997 unde
1681 2920 1770 2997 T²
1793 2946 2014 2996 usum
2039 2945 2198 2997 esse
2217 2919 2463 2997 codice
2489 2922 2909 3021 exegetioae

604 3037 873 3114 Veneti
921 3036 991 3111 A
1038 3038 1238 3138 parti
1285 3038 1437 3113 fere
1492 3064 1658 3140 gem
1666 3035 1809 3113 ello
1856 3036 2314 3139 patefactum
2365 3046 2504 3114 est.
2605 3037 2908 3116 Glossae

603 3162 683 3230 et
746 3153 1122 3230 interdum
1176 3155 1508 3256 longiora
1554 3181 1858 3258 quoque
1909 3153 2184 3232 scholia
2247 3179 2600 3257 persaepe
2651 3155 2908 3232 eadem

602 3281 779 3348 sunt
811 3273 892 3346 in
926 3272 1025 3360 D,
1060 3281 1150 3349 ut
1182 3271 1511 3349 dubitari
1542 3299 1693 3349 non
1724 3273 1962 3373 possit
1995 3272 2183 3373 quin
2214 3272 2441 3351 etiam
2479 3271 2618 3351 hoe
2650 3272 2909 3350 6611011-

602 3414 813 3465 orum
847 3415 1115 3490 oorpus
1150 3388 1231 3464 in
1267 3388 1360 3463 '1¹²
1393 3398 1828 3491 excerptum
1861 3386 1983 3467 sit.

702 3699 924 3779 Viros
973 3701 1447 3794 oxonienses,
1480 3704 1637 3805 qui,
1688 3710 1781 3781 ut
1814 3702 1993 3780 haec
2043 3703 2273 3781 editio
2318 3701 2601 3779 absolvi
2635 3710 2906 3806 posset,

600 3816 914 3895 officiosa
945 3819 1336 3896 voluntate
1369 3830 1449 3897 et
1481 3821 1848 3922 patientia
1882 3819 2302 3911 effecerunt,
2327 3819 2509 3896 dum
2542 3818 2905 3898 calamum

600 3934 925 4012 defessus
960 3963 1255 4038 sepon0,
1290 3937 1535 4014 animo
1565 3937 1789 4015 laudo
1824 3948 2173 4041 pergrato
2205 3947 2285 4015 et
2318 3937 2585 4040 opinor
2615 3936 2905 4016 oonlau-

599 4051 888 4129 dabunt
920 4079 1220 4155 operam
1255 4054 1374 4132 his
1407 4055 1907 4132 voluminibus
1939 4055 2308 4134 navaturi.

696 4291 1078 4374 Dabamus
1111 4293 1195 4376 in
1228 4295 1705 4377 universitate
1745 4294 2198 4402 Gryphiensi
2229 4322 2322 4375 m.
2362 4294 2549 4400 Any.
2590 4299 2801 4376 1888.

1947 4478 2353 4557 Emmsms
2402 4477 2697 4557 MAAss.
