3298 5195
497 4238 523 4278 1

518 4685 531 4694 n

562 375 677 441 viii
1454 372 1977 438 PRAEFATIO.

560 549 740 624 dum
768 545 949 620 mihi
977 572 1133 621 esse
1168 544 1405 634 video,
1431 571 1621 633 cum,
1661 544 1724 618 si
1754 544 1826 618 A
1853 543 1974 619 vel
2000 544 2063 618 B
2087 542 2205 618 vel
2241 553 2556 644 uterque
2590 553 2670 619 et
2696 543 2868 646 plus

559 674 639 740 et
699 664 944 738 minus
989 688 1214 763 quam
1261 662 1323 736 Τ
1378 661 1457 736 in
1512 688 1662 736 uno
1717 660 2120 761 eodemque
2166 660 2439 736 scholio
2493 660 2866 749 exhibent,

559 807 1007 883 quamquam
1032 788 1361 881 poteram
1389 806 1580 853 novo
1607 779 1822 879 signo
1861 796 1925 873 ss
1966 779 2380 879 adsumpto,
2406 778 2654 854 minus
2679 777 2866 854 illud

560 927 708 974 non
742 896 965 974 simul
1005 897 1083 971 in
1118 895 1452 995 margine
1487 895 2019 971 adnotaverim.
2116 895 2400 988 Quodsi
2422 895 2591 995 quis
2626 895 2868 971 obiter

559 1043 654 1091 ex
680 1016 850 1091 solis
869 1016 983 1090 his
1021 1014 1250 1113 signis
1287 1013 1377 1087 de
1403 1013 1642 1112 pretio
1668 1011 2148 1113 Townleyani
2173 1013 2621 1101 aestimaret,
2647 1013 2867 1088 missa

558 1159 961 1233 permagna
995 1158 1245 1207 eorum
1286 1157 1476 1229 quae
1512 1130 1787 1229 partim
1816 1129 2122 1229 quidem
2157 1129 2496 1205 tenuiora
2522 1155 2616 1204 ex
2651 1140 2865 1230 parte

559 1258 806 1325 tamen
842 1248 961 1323 vel
995 1248 1400 1348 copiosiora
1435 1273 1633 1321 unus
1671 1246 1793 1322 ille
1838 1246 2170 1321 servavit
2205 1246 2410 1335 serie,
2446 1247 2863 1323 aestimaret

560 1392 961 1466 perperam.
1105 1365 1206 1440 Et
1292 1363 1547 1439 audivi
1616 1365 1763 1439 iam
1832 1361 2355 1439 benevolentes
2439 1365 2865 1464 ceteroquin

556 1484 776 1571 viros,
810 1482 1083 1583 quibus
1121 1482 1385 1582 prioris
1406 1480 1802 1557 voluminis
1830 1480 2112 1556 dudum
2141 1479 2430 1555 finitam
2465 1480 2864 1557 editionem

557 1600 1046 1689 ostenderam,
1088 1599 1223 1674 hac
1261 1625 1413 1698 qua
1457 1598 1616 1674 dixi
1668 1597 1955 1672 ratione
2006 1624 2153 1673 non
2205 1605 2402 1672 recte
2452 1597 2548 1673 de
2604 1596 2866 1672 Town-

555 1715 818 1817 leyano
886 1715 1314 1792 iudicantes,
1455 1717 1674 1810 Quod
1742 1722 2052 1789 caveant
2118 1715 2250 1815 qui
2323 1714 2438 1788 his
2509 1720 2862 1790 utentur!

557 1834 986 1911 Tenendum
1022 1834 1249 1909 etiam
1296 1844 1412 1909 est
1462 1862 1581 1909 me
1634 1834 1714 1907 in
1765 1832 2278 1934 comparandis
2329 1832 2697 1908 codicibus
2732 1831 2865 1907 AB

556 1950 999 2027 abstinuisse
1032 1951 1127 2026 de
1163 1949 1531 2026 industria
1563 1951 1905 2025 manibus
1941 1949 2470 2025 recentioribus
2510 1949 2635 2051 (A8
2663 1949 2807 2050 132).

661 2095 724 2164 3.
782 2069 1088 2143 Novum
1140 2067 1552 2142 subsidium
1604 2095 1798 2143 anno
1862 2074 2048 2162 1887
2090 2067 2543 2142 Schraderus
2596 2067 2866 2143 exami-

556 2198 731 2260 nato
791 2185 1037 2262 codice
1098 2184 1601 2260 Laurentiano
1661 2183 1848 2285 plut.
1917 2183 2223 2258 XXXII
2283 2209 2323 2278 3
2398 2183 2477 2258 in
2546 2183 2866 2260 Hermae

557 2302 1045 2377 Berolinensis
1095 2300 1237 2377 vol.
1275 2301 1511 2377 XXII
1544 2329 1613 2402 p.
1663 2308 2006 2394 282-299
2060 2300 2380 2401 protulit
2431 2311 2655 2377 antea
2704 2327 2867 2401 pro-

557 2419 956 2520 pemodum
1015 2418 1399 2518 neglecto:
1473 2418 1564 2494 de
1626 2446 1774 2519 quo
1836 2445 2027 2517 quae
2086 2419 2244 2518 ipse
2303 2417 2506 2492 brevi
2561 2417 2868 2493 Wachs-

556 2537 836 2614 muthii
884 2535 1240 2616 relatione
1291 2536 1550 2613 Museo
1597 2536 1957 2612 Rhenano
1994 2535 2262 2612 XVIII
2298 2562 2367 2636 p.
2421 2540 2556 2631 187
2595 2537 2868 2611 inserta

557 2655 735 2731 fisus
787 2656 1206 2755 suspicatus
1258 2681 1459 2730 eram
1512 2654 1800 2750 (Herm.
1841 2654 2032 2728 XIX
2069 2680 2136 2754 p.
2179 2654 2376 2751 287),
2412 2661 2868 2728 commutata

557 2773 839 2847 ratione
901 2771 1438 2872 quodammodo
1506 2770 1941 2872 corrigenda
2000 2797 2156 2846 esse
2207 2770 2367 2845 iure
2419 2770 2609 2844 idem
2671 2771 2867 2845 dixit

560 2889 1028 2965 Schraderus.
1140 2887 1391 2963 Codex
1459 2887 1697 2989 igitur
1756 2914 1809 2963 s.
1880 2887 1995 2962 XI
2068 2888 2406 2988 scriptus,
2461 2887 2746 2962 Veneto
2801 2886 2866 2960 B

556 3006 805 3107 paullo
840 3006 1238 3105 antiquior,
1280 3004 1479 3081 foliis
1513 3011 1661 3100 418
1718 3005 2028 3081 Iliadem
2080 3031 2245 3081 cum
2301 3003 2592 3080 scholiis
2642 3005 2867 3080 conti-

559 3150 743 3198 nens
811 3150 959 3199 non
1028 3149 1122 3197 ex
1193 3123 1374 3223 ipsis
1434 3124 1497 3198 B
1560 3134 1639 3197 et
1703 3123 1764 3196 T
1825 3123 1954 3198 sed
2013 3149 2108 3196 ex
2168 3121 2538 3195 communi
2601 3120 2865 3195 horum

557 3240 957 3343 archetypo
1012 3240 1360 3315 adcurate
1412 3240 1829 3339 descriptus
1880 3247 2014 3323 est,
2079 3248 2165 3313 ut
2216 3237 2727 3312 deficientibus
2785 3237 2866 3310 in

559 3354 622 3432 B
658 3359 935 3458 primae
973 3384 1234 3431 manus
1267 3356 1462 3431 foliis
1490 3363 1611 3446 68,
1640 3365 1758 3449 69,
1795 3380 1952 3451 145,
1979 3356 2023 3431 i.
2040 3381 2101 3430 e.
2133 3353 2396 3429 Iliadis
2428 3378 2490 3451 5.
2525 3363 2861 3449 260-353

559 3484 640 3549 et
711 3502 736 3549 1
763 3501 818 3550 1.
894 3482 1256 3569 167—217‚
1320 3472 1552 3574 proba
1621 3473 2135 3573 supplementa
2201 3499 2296 3547 ex
2366 3472 2864 3547 Laurentiano

563 3592 1012 3669 Schraderus
1047 3592 1205 3666 iure
1241 3601 1606 3690 repeteret
1641 3618 1711 3691 p.
1754 3616 1845 3683 29
1854 3616 2123 3685 3—299.
2182 3588 2395 3676 Quod
2431 3590 2507 3664 in
2543 3590 2865 3665 editione

557 3737 707 3784 non
768 3710 911 3783 iam
980 3707 1219 3798 licuit,
1280 3706 1867 3783 Laurentianum
1920 3707 1997 3781 M
2051 3707 2443 3783 Schraderi
2510 3734 2676 3783 cum
2730 3707 2863 3781 AT

559 3854 756 3903 nunc
790 3852 1218 3926 componam
1256 3856 1271 3901 :

664 4204 828 4294 258.
882 4199 1105 4296 ἕτερός
1157 4195 1269 4298 γε]
1320 4210 1614 4293 γενναῖον
1646 4198 1735 4271 τὸ
1774 4207 1976 4284 λῆμα,
2013 4201 2068 4269 εἰ
2099 4199 2188 4283 μὴ
2223 4199 2644 4298 ἆμφοτέρων,
2680 4196 2861 4269 ἆλλᾶ

558 4345 641 4409 γε
674 4323 798 4387 τοῦ
830 4318 1057 4411 ἑτέρου
1089 4320 1439 4416 κρατήσειν
1474 4316 1932 4399 πεπεισμένου.
2012 4310 2150 4396 ἅμα
2195 4313 2263 4385 δὲ
2312 4314 2417 4384 καὶ
2455 4314 2862 4413 ἆνθρωπῖνως

555 4435 629 4504 οὗ
656 4432 805 4530 περὶ
839 4439 969 4504 τῶν
1005 4432 1113 4504 δύο
1143 4433 1617 4532 ἀποφαίνεται,
1655 4431 1740 4504 τὸ
1778 4431 1845 4503 δὲ
1879 4432 2040 4502 ὅλον
2075 4433 2159 4525 τῇ
2197 4427 2448 4521 Ἀθηνᾷ
2482 4432 2865 4516 ἀνατίθησιν

555 4549 767 4625 BT=

895 4689 942 4727 1.
986 4673 1161 4742 λῆμμα
1188 4673 1256 4728 ut
1286 4667 1386 4728 ΒΤ
1432 4677 1453 4738 ΙΙ
1508 4688 1557 4726 2.
1586 4666 1931 4738 πεπεισμένου
1960 4664 2042 4723 T:
2086 4666 2359 4722 πέπεισται
2387 4672 2455 4725 ut
2485 4665 2534 4724 Β
