<?xml version="1.0" encoding="UTF-8"?>
<!DOCTYPE html PUBLIC "-//W3C//DTD XHTML 1.0 Transitional//EN"
    "http://www.w3.org/TR/xhtml1/DTD/xhtml1-transitional.dtd">
<html xmlns="http://www.w3.org/1999/xhtml" xml:lang="en" lang="en">
 <head>
  <title>
</title>
<meta http-equiv="Content-Type" content="text/html;charset=utf-8" />
  <meta name='ocr-system' content='tesseract 3.04.00' />
  <meta name='ocr-capabilities' content='ocr_page ocr_carea ocr_par ocr_line ocrx_word'/>
</head>
<body>
  <div class='ocr_page' id='page_1' title='image "./scholiagraecain01homegoog/scholiagraecain01homegoog_0526.png"; bbox 0 0 3298 5195; ppageno 0'>
   <div class='ocr_carea' id='block_1_1' title="bbox 665 364 2151 454">
    <p class='ocr_par' dir='ltr' id='par_1_1' title="bbox 665 364 2151 454">
     <span class='ocr_line' id='line_1_1' title="bbox 665 364 2151 454; baseline 0.001 -26"><span class='ocrx_word' id='word_1_1' title='bbox 665 368 797 429; x_wconf 87' lang='lat'>490</span> <span class='ocrx_word' id='word_1_2' title='bbox 1511 372 1854 431; x_wconf 80' lang='grc' dir='ltr'>ιΛιΑΔοΣ</span> <span class='ocrx_word' id='word_1_3' title='bbox 1902 371 1971 433; x_wconf 86' lang='grc' dir='ltr'>Α.</span> <span class='ocrx_word' id='word_1_4' title='bbox 2017 364 2042 451; x_wconf 88' lang='grc'>(</span> <span class='ocrx_word' id='word_1_5' title='bbox 2067 370 2097 430; x_wconf 85' lang='grc'>1</span> <span class='ocrx_word' id='word_1_6' title='bbox 2127 365 2151 454; x_wconf 93' lang='grc'>)</span> 
     </span>
    </p>
   </div>
   <div class='ocr_carea' id='block_1_2' title="bbox 561 537 2981 4353">
    <p class='ocr_par' dir='ltr' id='par_1_2' title="bbox 561 537 2981 4353">
     <span class='ocr_line' id='line_1_2' title="bbox 669 537 2977 622; baseline 0.002 -21"><span class='ocrx_word' id='word_1_7' title='bbox 669 539 993 619; x_wconf 80' lang='grc' dir='ltr'>σύμβολον</span> <span class='ocrx_word' id='word_1_8' title='bbox 1036 542 1142 601; x_wconf 81' lang='grc' dir='ltr'>τοῦ</span> <span class='ocrx_word' id='word_1_9' title='bbox 1194 542 1455 620; x_wconf 82' lang='grc' dir='ltr'>καθαροῦ</span> <span class='ocrx_word' id='word_1_10' title='bbox 1508 540 1606 603; x_wconf 84' lang='grc' dir='ltr'>καὶ</span> <span class='ocrx_word' id='word_1_11' title='bbox 1646 538 1938 619; x_wconf 78' lang='grc' dir='ltr'>ἀμιάντου</span> <span class='ocrx_word' id='word_1_12' title='bbox 1987 537 2121 617; x_wconf 89' lang='grc' dir='ltr'>ἤτοι</span> <span class='ocrx_word' id='word_1_13' title='bbox 2170 540 2274 616; x_wconf 80' lang='grc' dir='ltr'>τῆς</span> <span class='ocrx_word' id='word_1_14' title='bbox 2322 539 2554 620; x_wconf 78' lang='grc' dir='ltr'>ἀρετῆς.</span> <span class='ocrx_word' id='word_1_15' title='bbox 2615 540 2977 622; x_wconf 77' lang='grc' dir='ltr'>ὡπλισμένη</span> 
     </span>
     <span class='ocr_line' id='line_1_3' title="bbox 668 640 2978 725; baseline 0.002 -20"><span class='ocrx_word' id='word_1_16' title='bbox 668 644 734 705; x_wconf 74' lang='grc' dir='ltr'>δὲ</span> <span class='ocrx_word' id='word_1_17' title='bbox 778 640 1127 714; x_wconf 81' lang='grc' dir='ltr'>πλάττεται,</span> <span class='ocrx_word' id='word_1_18' title='bbox 1175 641 1273 704; x_wconf 87' lang='grc' dir='ltr'>καὶ</span> <span class='ocrx_word' id='word_1_19' title='bbox 1317 642 1504 707; x_wconf 81' lang='grc' dir='ltr'>οὕτως</span> <span class='ocrx_word' id='word_1_20' title='bbox 1551 643 1903 723; x_wconf 71' lang='grc' dir='ltr'>ἱστοροῦσιν</span> <span class='ocrx_word' id='word_1_21' title='bbox 1948 641 2134 721; x_wconf 80' lang='grc' dir='ltr'>αὐτὴν</span> <span class='ocrx_word' id='word_1_22' title='bbox 2176 641 2515 725; x_wconf 84' lang='grc' dir='ltr'>γεγονέναι,</span> <span class='ocrx_word' id='word_1_23' title='bbox 2570 642 2978 724; x_wconf 75' lang='grc' dir='ltr'>παριστάντες</span> 
     </span>
     <span class='ocr_line' id='line_1_4' title="bbox 668 742 2977 829; baseline 0.003 -20"><span class='ocrx_word' id='word_1_24' title='bbox 668 747 735 809; x_wconf 77' lang='grc' dir='ltr'>ἐκ</span> <span class='ocrx_word' id='word_1_25' title='bbox 780 744 993 808; x_wconf 83' lang='grc' dir='ltr'>τούτου</span> <span class='ocrx_word' id='word_1_26' title='bbox 1039 745 1133 809; x_wconf 82' lang='grc' dir='ltr'>ὅτι</span> <span class='ocrx_word' id='word_1_27' title='bbox 1178 742 1472 826; x_wconf 77' lang='grc' dir='ltr'>αὐτάρκης</span> <span class='ocrx_word' id='word_1_28' title='bbox 1510 745 1608 808; x_wconf 87' lang='grc' dir='ltr'>καὶ</span> <span class='ocrx_word' id='word_1_29' title='bbox 1655 745 2009 825; x_wconf 79' lang='grc' dir='ltr'>ὡπλισμένη</span> <span class='ocrx_word' id='word_1_30' title='bbox 2056 746 2229 811; x_wconf 78' lang='grc' dir='ltr'>ἐστὶν</span> <span class='ocrx_word' id='word_1_31' title='bbox 2272 744 2309 824; x_wconf 84' lang='grc' dir='ltr'><em>ἡ</em></span> <span class='ocrx_word' id='word_1_32' title='bbox 2357 746 2656 827; x_wconf 88' lang='grc' dir='ltr'>φρόνησις</span> <span class='ocrx_word' id='word_1_33' title='bbox 2685 753 2835 829; x_wconf 87' lang='grc' dir='ltr'>πρὸς</span> <span class='ocrx_word' id='word_1_34' title='bbox 2866 750 2977 815; x_wconf 80' lang='grc' dir='ltr'>τᾶς</span> 
     </span>
     <span class='ocr_line' id='line_1_5' title="bbox 663 845 2974 931; baseline 0.002 -20"><span class='ocrx_word' id='word_1_35' title='bbox 663 848 960 929; x_wconf 76' lang='grc' dir='ltr'>μεγίστας</span> <span class='ocrx_word' id='word_1_36' title='bbox 1008 848 1107 912; x_wconf 87' lang='grc' dir='ltr'>καὶ</span> <span class='ocrx_word' id='word_1_37' title='bbox 1159 845 1644 931; x_wconf 88' lang='grc' dir='ltr'>δυσχερεστάτας</span> <span class='ocrx_word' id='word_1_38' title='bbox 1691 846 1959 929; x_wconf 83' lang='grc' dir='ltr'>πράξεις.</span> <span class='ocrx_word' id='word_1_39' title='bbox 2019 850 2120 912; x_wconf 72' lang='grc' dir='ltr'>διὰ</span> <span class='ocrx_word' id='word_1_40' title='bbox 2172 848 2391 927; x_wconf 80' lang='grc' dir='ltr'>ταύτην</span> <span class='ocrx_word' id='word_1_41' title='bbox 2442 849 2553 928; x_wconf 77' lang='grc' dir='ltr'>τὴν</span> <span class='ocrx_word' id='word_1_42' title='bbox 2615 851 2813 914; x_wconf 77' lang='grc' dir='ltr'>αίτίαν</span> <span class='ocrx_word' id='word_1_43' title='bbox 2873 851 2974 916; x_wconf 72' lang='grc' dir='ltr'>καὶ</span> 
     </span>
     <span class='ocr_line' id='line_1_6' title="bbox 601 950 2974 1036; baseline 0.001 -22"><span class='ocrx_word' id='word_1_44' title='bbox 601 962 637 1023; x_wconf 84' lang='grc'><strong><em>5</em></strong></span> <span class='ocrx_word' id='word_1_45' title='bbox 668 952 738 1015; x_wconf 85' lang='grc' dir='ltr'>τὸ</span> <span class='ocrx_word' id='word_1_46' title='bbox 776 951 1099 1035; x_wconf 82' lang='grc' dir='ltr'>γοργωπὸν</span> <span class='ocrx_word' id='word_1_47' title='bbox 1137 951 1269 1034; x_wconf 81' lang='grc' dir='ltr'>ἔχει</span> <span class='ocrx_word' id='word_1_48' title='bbox 1310 950 1407 1013; x_wconf 83' lang='grc' dir='ltr'>καὶ</span> <span class='ocrx_word' id='word_1_49' title='bbox 1439 951 1508 1014; x_wconf 85' lang='grc' dir='ltr'>τὸ</span> <span class='ocrx_word' id='word_1_50' title='bbox 1552 952 1829 1032; x_wconf 80' lang='grc' dir='ltr'>ἀνδρεῖον</span> <span class='ocrx_word' id='word_1_51' title='bbox 1859 953 1958 1015; x_wconf 88' lang='grc' dir='ltr'>καὶ</span> <span class='ocrx_word' id='word_1_52' title='bbox 1998 952 2068 1015; x_wconf 85' lang='grc' dir='ltr'>τὸ</span> <span class='ocrx_word' id='word_1_53' title='bbox 2104 958 2451 1034; x_wconf 75' lang='grc' dir='ltr'>γλαυκῶπις</span> <span class='ocrx_word' id='word_1_54' title='bbox 2478 952 2792 1036; x_wconf 84' lang='grc' dir='ltr'>λέγεσθαι·</span> <span class='ocrx_word' id='word_1_55' title='bbox 2852 959 2974 1018; x_wconf 84' lang='grc' dir='ltr'>τῶν</span> 
     </span>
     <span class='ocr_line' id='line_1_7' title="bbox 663 1054 2969 1138; baseline 0.001 -19"><span class='ocrx_word' id='word_1_56' title='bbox 663 1055 781 1138; x_wconf 84' lang='grc' dir='ltr'>γὰρ</span> <span class='ocrx_word' id='word_1_57' title='bbox 812 1059 1036 1137; x_wconf 90' lang='grc' dir='ltr'>θηρίων</span> <span class='ocrx_word' id='word_1_58' title='bbox 1064 1058 1139 1119; x_wconf 75' lang='grc' dir='ltr'>τὰ</span> <span class='ocrx_word' id='word_1_59' title='bbox 1168 1055 1572 1133; x_wconf 80' lang='grc' dir='ltr'>ἆλκιμῶτατα,</span> <span class='ocrx_word' id='word_1_60' title='bbox 1604 1054 1684 1121; x_wconf 80' lang='grc' dir='ltr'>ὥς</span> <span class='ocrx_word' id='word_1_61' title='bbox 1714 1054 1962 1122; x_wconf 88' lang='grc' dir='ltr'>λέοντες</span> <span class='ocrx_word' id='word_1_62' title='bbox 1994 1058 2092 1120; x_wconf 87' lang='grc' dir='ltr'>καὶ</span> <span class='ocrx_word' id='word_1_63' title='bbox 2134 1054 2483 1138; x_wconf 76' lang='grc' dir='ltr'>παρδάλεις,</span> <span class='ocrx_word' id='word_1_64' title='bbox 2513 1055 2761 1122; x_wconf 83' lang='grc' dir='ltr'>τοιαῦτά</span> <span class='ocrx_word' id='word_1_65' title='bbox 2790 1058 2969 1122; x_wconf 73' lang='grc' dir='ltr'>εἰσιν.</span> 
     </span>
     <span class='ocr_line' id='line_1_8' title="bbox 667 1157 2971 1242; baseline 0.001 -19"><span class='ocrx_word' id='word_1_66' title='bbox 667 1160 981 1241; x_wconf 73' lang='grc' dir='ltr'>ἱστόρηται</span> <span class='ocrx_word' id='word_1_67' title='bbox 1041 1161 1107 1223; x_wconf 72' lang='grc' dir='ltr'>δὲ</span> <span class='ocrx_word' id='word_1_68' title='bbox 1163 1158 1397 1241; x_wconf 81' lang='grc' dir='ltr'>ἔχουσα</span> <span class='ocrx_word' id='word_1_69' title='bbox 1445 1157 1754 1239; x_wconf 76' lang='grc' dir='ltr'>προτομὴν</span> <span class='ocrx_word' id='word_1_70' title='bbox 1814 1160 2111 1242; x_wconf 80' lang='grc' dir='ltr'>Γοργόνος</span> <span class='ocrx_word' id='word_1_71' title='bbox 2174 1162 2325 1223; x_wconf 75' lang='grc' dir='ltr'>κατὰ</span> <span class='ocrx_word' id='word_1_72' title='bbox 2382 1159 2454 1223; x_wconf 80' lang='grc' dir='ltr'>τὸ</span> <span class='ocrx_word' id='word_1_73' title='bbox 2503 1159 2694 1239; x_wconf 87' lang='grc' dir='ltr'>μέσον</span> <span class='ocrx_word' id='word_1_74' title='bbox 2746 1164 2971 1240; x_wconf 77' lang='grc' dir='ltr'>στῆθος</span> 
     </span>
     <span class='ocr_line' id='line_1_9' title="bbox 664 1259 2970 1346; baseline 0.001 -19"><span class='ocrx_word' id='word_1_75' title='bbox 664 1266 765 1327; x_wconf 74' lang='grc' dir='ltr'>διὰ</span> <span class='ocrx_word' id='word_1_76' title='bbox 808 1269 879 1326; x_wconf 86' lang='grc' dir='ltr'>τὸ</span> <span class='ocrx_word' id='word_1_77' title='bbox 930 1262 1156 1345; x_wconf 86' lang='grc' dir='ltr'>γοργὸν</span> <span class='ocrx_word' id='word_1_78' title='bbox 1199 1266 1305 1341; x_wconf 85' lang='grc' dir='ltr'>τῆς</span> <span class='ocrx_word' id='word_1_79' title='bbox 1360 1259 1719 1343; x_wconf 85' lang='grc' dir='ltr'>φρονήσεως</span> <span class='ocrx_word' id='word_1_80' title='bbox 1773 1260 1889 1340; x_wconf 76' lang='grc' dir='ltr'>ἔξω</span> <span class='ocrx_word' id='word_1_81' title='bbox 1941 1267 2450 1344; x_wconf 84' lang='grc' dir='ltr'>προβεβληκυῖαν</span> <span class='ocrx_word' id='word_1_82' title='bbox 2501 1264 2614 1343; x_wconf 81' lang='grc' dir='ltr'>τὴν</span> <span class='ocrx_word' id='word_1_83' title='bbox 2652 1269 2970 1346; x_wconf 85' lang='grc' dir='ltr'>γλῶσσαν,</span> 
     </span>
     <span class='ocr_line' id='line_1_10' title="bbox 667 1365 2968 1452; baseline 0.001 -22"><span class='ocrx_word' id='word_1_84' title='bbox 667 1368 747 1434; x_wconf 81' lang='grc' dir='ltr'>ὣς</span> <span class='ocrx_word' id='word_1_85' title='bbox 789 1366 866 1431; x_wconf 75' lang='grc' dir='ltr'>ἂν</span> <span class='ocrx_word' id='word_1_86' title='bbox 906 1365 1361 1449; x_wconf 76' lang='grc' dir='ltr'>ἐκφανεστάτου</span> <span class='ocrx_word' id='word_1_87' title='bbox 1406 1368 1580 1433; x_wconf 87' lang='grc' dir='ltr'>ὄντος</span> <span class='ocrx_word' id='word_1_88' title='bbox 1620 1367 1689 1430; x_wconf 75' lang='grc' dir='ltr'>ἐν</span> <span class='ocrx_word' id='word_1_89' title='bbox 1726 1368 1799 1452; x_wconf 83' lang='grc' dir='ltr'>τῇ</span> <span class='ocrx_word' id='word_1_90' title='bbox 1840 1371 1961 1431; x_wconf 89' lang='grc' dir='ltr'>τῶν</span> <span class='ocrx_word' id='word_1_91' title='bbox 1995 1366 2241 1433; x_wconf 88' lang='grc' dir='ltr'>πάντων</span> <span class='ocrx_word' id='word_1_92' title='bbox 2269 1368 2582 1452; x_wconf 66' lang='grc' dir='ltr'>οἰκονομίᾳ</span> <span class='ocrx_word' id='word_1_93' title='bbox 2617 1373 2723 1433; x_wconf 86' lang='grc' dir='ltr'>τοῦ</span> <span class='ocrx_word' id='word_1_94' title='bbox 2757 1369 2968 1452; x_wconf 81' lang='grc' dir='ltr'>λόγου.</span> 
     </span>
     <span class='ocr_line' id='line_1_11' title="bbox 565 1468 2971 1556; baseline 0.001 -21"><span class='ocrx_word' id='word_1_95' title='bbox 565 1485 639 1525; x_wconf 83' lang='lat'>10</span> <span class='ocrx_word' id='word_1_96' title='bbox 667 1471 1012 1535; x_wconf 80' lang='grc' dir='ltr'>ἀνατίθεται</span> <span class='ocrx_word' id='word_1_97' title='bbox 1052 1472 1120 1535; x_wconf 72' lang='grc' dir='ltr'>δὲ</span> <span class='ocrx_word' id='word_1_98' title='bbox 1159 1470 1305 1556; x_wconf 77' lang='grc' dir='ltr'>αὐτῇ</span> <span class='ocrx_word' id='word_1_99' title='bbox 1348 1471 1448 1534; x_wconf 84' lang='grc' dir='ltr'>καὶ</span> <span class='ocrx_word' id='word_1_100' title='bbox 1484 1468 1522 1548; x_wconf 82' lang='grc' dir='ltr'>ἡ</span> <span class='ocrx_word' id='word_1_101' title='bbox 1560 1475 1800 1553; x_wconf 83' lang='grc' dir='ltr'>γλαῦκα</span> <span class='ocrx_word' id='word_1_102' title='bbox 1835 1472 1935 1535; x_wconf 76' lang='grc' dir='ltr'>διὸ</span> <span class='ocrx_word' id='word_1_103' title='bbox 1981 1470 2052 1534; x_wconf 81' lang='grc' dir='ltr'>τὸ</span> <span class='ocrx_word' id='word_1_104' title='bbox 2096 1472 2356 1553; x_wconf 73' lang='grc' dir='ltr'>ἐμφερὲς</span> <span class='ocrx_word' id='word_1_105' title='bbox 2395 1476 2517 1537; x_wconf 85' lang='grc' dir='ltr'>τῶν</span> <span class='ocrx_word' id='word_1_106' title='bbox 2551 1471 2836 1552; x_wconf 81' lang='grc' dir='ltr'>ὀμμάτων</span> <span class='ocrx_word' id='word_1_107' title='bbox 2872 1472 2971 1537; x_wconf 81' lang='grc' dir='ltr'>καὶ</span> 
     </span>
     <span class='ocr_line' id='line_1_12' title="bbox 667 1572 2972 1657; baseline 0.001 -20"><span class='ocrx_word' id='word_1_108' title='bbox 667 1577 726 1638; x_wconf 72' lang='grc' dir='ltr'>οἱ</span> <span class='ocrx_word' id='word_1_109' title='bbox 756 1572 1090 1657; x_wconf 89' lang='grc' dir='ltr'>δράκοντες·</span> <span class='ocrx_word' id='word_1_110' title='bbox 1139 1573 1517 1655; x_wconf 78' lang='grc' dir='ltr'>σμερδαλέον</span> <span class='ocrx_word' id='word_1_111' title='bbox 1551 1577 1669 1657; x_wconf 76' lang='grc' dir='ltr'>γὰρ</span> <span class='ocrx_word' id='word_1_112' title='bbox 1707 1575 1741 1637; x_wconf 99' lang='lat'>6</span> <span class='ocrx_word' id='word_1_113' title='bbox 1776 1573 2011 1655; x_wconf 88' lang='grc' dir='ltr'>δράκων</span> <span class='ocrx_word' id='word_1_114' title='bbox 2047 1573 2293 1657; x_wconf 81' lang='grc' dir='ltr'>δέδορκε</span> <span class='ocrx_word' id='word_1_115' title='bbox 2339 1575 2439 1639; x_wconf 87' lang='grc' dir='ltr'>καὶ</span> <span class='ocrx_word' id='word_1_116' title='bbox 2483 1575 2553 1638; x_wconf 85' lang='grc' dir='ltr'>τὸ</span> <span class='ocrx_word' id='word_1_117' title='bbox 2596 1574 2972 1657; x_wconf 84' lang='grc' dir='ltr'>φυλακτικὸν</span> 
     </span>
     <span class='ocr_line' id='line_1_13' title="bbox 666 1678 2970 1762; baseline 0 -18"><span class='ocrx_word' id='word_1_118' title='bbox 666 1680 817 1762; x_wconf 82' lang='grc' dir='ltr'>ἔχει,</span> <span class='ocrx_word' id='word_1_119' title='bbox 850 1684 1120 1745; x_wconf 81' lang='grc' dir='ltr'>τοιοῦτος</span> <span class='ocrx_word' id='word_1_120' title='bbox 1151 1680 1217 1743; x_wconf 76' lang='grc' dir='ltr'>δὲ</span> <span class='ocrx_word' id='word_1_121' title='bbox 1261 1678 1363 1742; x_wconf 88' lang='grc' dir='ltr'>καὶ</span> <span class='ocrx_word' id='word_1_122' title='bbox 1399 1678 1433 1740; x_wconf 99' lang='lat'>6</span> <span class='ocrx_word' id='word_1_123' title='bbox 1470 1678 1784 1760; x_wconf 88' lang='grc' dir='ltr'>φρόνιμος.</span> <span class='ocrx_word' id='word_1_124' title='bbox 1845 1679 2011 1741; x_wconf 72' lang='grc' dir='ltr'>ἀλλὰ</span> <span class='ocrx_word' id='word_1_125' title='bbox 2050 1679 2148 1742; x_wconf 79' lang='grc' dir='ltr'>καὶ</span> <span class='ocrx_word' id='word_1_126' title='bbox 2184 1679 2487 1761; x_wconf 79' lang='grc' dir='ltr'>ἄγρυπνος</span> <span class='ocrx_word' id='word_1_127' title='bbox 2532 1681 2566 1743; x_wconf 99' lang='lat'>6</span> <span class='ocrx_word' id='word_1_128' title='bbox 2602 1678 2837 1761; x_wconf 85' lang='grc' dir='ltr'>δράκων</span> <span class='ocrx_word' id='word_1_129' title='bbox 2872 1680 2970 1744; x_wconf 80' lang='grc' dir='ltr'>καὶ</span> 
     </span>
     <span class='ocr_line' id='line_1_14' title="bbox 665 1776 2970 1861; baseline -0.001 -17"><span class='ocrx_word' id='word_1_130' title='bbox 665 1779 771 1844; x_wconf 80' lang='grc' dir='ltr'>οὐκ</span> <span class='ocrx_word' id='word_1_131' title='bbox 818 1776 1139 1860; x_wconf 82' lang='grc' dir='ltr'>εὖθήρατός</span> <span class='ocrx_word' id='word_1_132' title='bbox 1183 1779 1375 1843; x_wconf 77' lang='grc' dir='ltr'>ἐστιν·</span> <span class='ocrx_word' id='word_1_133' title='bbox 1423 1782 1694 1844; x_wconf 85' lang='grc' dir='ltr'>τοιοῦτος</span> <span class='ocrx_word' id='word_1_134' title='bbox 1738 1779 1804 1842; x_wconf 74' lang='grc' dir='ltr'>δὲ</span> <span class='ocrx_word' id='word_1_135' title='bbox 1852 1778 1951 1841; x_wconf 87' lang='grc' dir='ltr'>καὶ</span> <span class='ocrx_word' id='word_1_136' title='bbox 2004 1779 2039 1840; x_wconf 91' lang='lat'>6</span> <span class='ocrx_word' id='word_1_137' title='bbox 2091 1778 2407 1861; x_wconf 88' lang='grc' dir='ltr'>φρόνιμος·</span> <span class='ocrx_word' id='word_1_138' title='bbox 2458 1781 2493 1813; x_wconf 89' lang='grc'><strong>“</strong></span> <span class='ocrx_word' id='word_1_139' title='bbox 2518 1778 2589 1841; x_wconf 83' lang='grc' dir='ltr'>οὗ</span> <span class='ocrx_word' id='word_1_140' title='bbox 2630 1778 2750 1861; x_wconf 72' lang='grc' dir='ltr'>χρὴ</span> <span class='ocrx_word' id='word_1_141' title='bbox 2775 1776 2808 1803; x_wconf 86' lang='lat'>”</span> <span class='ocrx_word' id='word_1_142' title='bbox 2853 1781 2970 1861; x_wconf 75' lang='grc' dir='ltr'>γὰρ</span> 
     </span>
     <span class='ocr_line' id='line_1_15' title="bbox 667 1877 2973 1967; baseline -0.001 -21"><span class='ocrx_word' id='word_1_143' title='bbox 667 1889 703 1919; x_wconf 89' lang='grc'><strong>“</strong></span> <span class='ocrx_word' id='word_1_144' title='bbox 731 1881 1062 1965; x_wconf 78' lang='grc' dir='ltr'>παννύχιον</span> <span class='ocrx_word' id='word_1_145' title='bbox 1105 1882 1299 1945; x_wconf 74' lang='grc' dir='ltr'>εὕδειν</span> <span class='ocrx_word' id='word_1_146' title='bbox 1335 1881 1738 1962; x_wconf 89' lang='grc' dir='ltr'>βουληφόρον</span> <span class='ocrx_word' id='word_1_147' title='bbox 1777 1877 2017 1962; x_wconf 76' lang='grc' dir='ltr'>ἄνδρα”</span> <span class='ocrx_word' id='word_1_148' title='bbox 2050 1877 2162 1965; x_wconf 86' lang='grc' dir='ltr'>(ΙΙ.</span> <span class='ocrx_word' id='word_1_149' title='bbox 2198 1898 2255 1945; x_wconf 87' lang='lat'>2.</span> <span class='ocrx_word' id='word_1_150' title='bbox 2290 1878 2420 1967; x_wconf 87' lang='lat'>24).</span> <span class='ocrx_word' id='word_1_151' title='bbox 2480 1879 2728 1964; x_wconf 86' lang='grc' dir='ltr'>λέγεται</span> <span class='ocrx_word' id='word_1_152' title='bbox 2771 1882 2839 1945; x_wconf 72' lang='grc' dir='ltr'>δὲ</span> <span class='ocrx_word' id='word_1_153' title='bbox 2875 1882 2973 1944; x_wconf 85' lang='grc' dir='ltr'>καὶ</span> 
     </span>
     <span class='ocr_line' id='line_1_16' title="bbox 563 1968 2969 2068; baseline -0.001 -19"><span class='ocrx_word' id='word_1_154' title='bbox 563 1997 637 2057; x_wconf 86' lang='lat'>15</span> <span class='ocrx_word' id='word_1_155' title='bbox 667 1972 1004 2068; x_wconf 75' lang='grc' dir='ltr'>Ἀτρυτώνη</span> <span class='ocrx_word' id='word_1_156' title='bbox 1052 1984 1131 2050; x_wconf 79' lang='grc' dir='ltr'>ὥς</span> <span class='ocrx_word' id='word_1_157' title='bbox 1170 1983 1253 2064; x_wconf 75' lang='grc' dir='ltr'>μὴ</span> <span class='ocrx_word' id='word_1_158' title='bbox 1289 1982 1579 2066; x_wconf 88' lang='grc' dir='ltr'>τρυομένη</span> <span class='ocrx_word' id='word_1_159' title='bbox 1629 1984 1727 2047; x_wconf 88' lang='grc' dir='ltr'>καὶ</span> <span class='ocrx_word' id='word_1_160' title='bbox 1764 1982 2254 2064; x_wconf 88' lang='grc' dir='ltr'>καταπονουμένη</span> <span class='ocrx_word' id='word_1_161' title='bbox 2314 1982 2418 2048; x_wconf 77' lang='grc' dir='ltr'>ὑπ’</span> <span class='ocrx_word' id='word_1_162' title='bbox 2469 1984 2711 2051; x_wconf 77' lang='grc' dir='ltr'>οὐδενὸς</span> <span class='ocrx_word' id='word_1_163' title='bbox 2762 1968 2969 2049; x_wconf 82' lang='grc' dir='ltr'>πόνου·</span> 
     </span>
     <span class='ocr_line' id='line_1_17' title="bbox 665 2086 2974 2171; baseline -0 -17"><span class='ocrx_word' id='word_1_164' title='bbox 665 2086 1117 2169; x_wconf 83' lang='grc' dir='ltr'>ἆκαταπόνητος</span> <span class='ocrx_word' id='word_1_165' title='bbox 1167 2090 1284 2170; x_wconf 75' lang='grc' dir='ltr'>γὰρ</span> <span class='ocrx_word' id='word_1_166' title='bbox 1337 2089 1372 2150; x_wconf 91' lang='lat'>6</span> <span class='ocrx_word' id='word_1_167' title='bbox 1424 2089 1737 2170; x_wconf 88' lang='grc' dir='ltr'>φρόνιμος.</span> <span class='ocrx_word' id='word_1_168' title='bbox 1799 2087 1967 2151; x_wconf 80' lang='grc' dir='ltr'>ἀλλὰ</span> <span class='ocrx_word' id='word_1_169' title='bbox 2023 2086 2121 2152; x_wconf 84' lang='grc' dir='ltr'>καὶ</span> <span class='ocrx_word' id='word_1_170' title='bbox 2171 2086 2565 2170; x_wconf 80' lang='grc' dir='ltr'>Τριτογένεια</span> <span class='ocrx_word' id='word_1_171' title='bbox 2603 2087 2846 2171; x_wconf 86' lang='grc' dir='ltr'>λέγεται</span> <span class='ocrx_word' id='word_1_172' title='bbox 2892 2087 2974 2154; x_wconf 74' lang='grc' dir='ltr'>ὣς</span> 
     </span>
     <span class='ocr_line' id='line_1_18' title="bbox 662 2189 2974 2275; baseline 0 -17"><span class='ocrx_word' id='word_1_173' title='bbox 662 2198 789 2259; x_wconf 81' lang='grc' dir='ltr'>τοῖς</span> <span class='ocrx_word' id='word_1_174' title='bbox 833 2197 1036 2259; x_wconf 82' lang='grc' dir='ltr'>κακοῖς</span> <span class='ocrx_word' id='word_1_175' title='bbox 1081 2193 1431 2275; x_wconf 79' lang='grc' dir='ltr'>ἑγγεννῶσα</span> <span class='ocrx_word' id='word_1_176' title='bbox 1474 2191 1544 2254; x_wconf 85' lang='grc' dir='ltr'>τὸ</span> <span class='ocrx_word' id='word_1_177' title='bbox 1588 2195 1753 2272; x_wconf 82' lang='grc' dir='ltr'>τρεῖν</span> <span class='ocrx_word' id='word_1_178' title='bbox 1798 2189 1896 2255; x_wconf 81' lang='grc' dir='ltr'>καὶ</span> <span class='ocrx_word' id='word_1_179' title='bbox 1954 2189 2480 2272; x_wconf 80' lang='grc' dir='ltr'>φοβεῖσθαι-ἀεὶ</span> <span class='ocrx_word' id='word_1_180' title='bbox 2531 2193 2648 2274; x_wconf 75' lang='grc' dir='ltr'>γδρ</span> <span class='ocrx_word' id='word_1_181' title='bbox 2685 2189 2974 2269; x_wconf 89' lang='grc' dir='ltr'>πολέμιός</span> 
     </span>
     <span class='ocr_line' id='line_1_19' title="bbox 664 2291 2975 2377; baseline -0.002 -16"><span class='ocrx_word' id='word_1_182' title='bbox 664 2299 799 2361; x_wconf 76' lang='grc' dir='ltr'>ἐστι</span> <span class='ocrx_word' id='word_1_183' title='bbox 839 2295 989 2377; x_wconf 85' lang='grc' dir='ltr'>πρὸς</span> <span class='ocrx_word' id='word_1_184' title='bbox 1022 2295 1134 2375; x_wconf 80' lang='grc' dir='ltr'>τὴν</span> <span class='ocrx_word' id='word_1_185' title='bbox 1171 2291 1508 2373; x_wconf 84' lang='grc' dir='ltr'>κακίαν-ἢ</span> <span class='ocrx_word' id='word_1_186' title='bbox 1545 2294 1625 2360; x_wconf 80' lang='grc' dir='ltr'>ὥς</span> <span class='ocrx_word' id='word_1_187' title='bbox 1661 2297 1736 2358; x_wconf 73' lang='grc' dir='ltr'>τὰ</span> <span class='ocrx_word' id='word_1_188' title='bbox 1776 2295 1912 2377; x_wconf 88' lang='grc' dir='ltr'>τρία</span> <span class='ocrx_word' id='word_1_189' title='bbox 1947 2293 2088 2377; x_wconf 85' lang='grc' dir='ltr'>γένη</span> <span class='ocrx_word' id='word_1_190' title='bbox 2129 2301 2250 2358; x_wconf 90' lang='grc' dir='ltr'>τῶν</span> <span class='ocrx_word' id='word_1_191' title='bbox 2287 2293 2646 2375; x_wconf 88' lang='grc' dir='ltr'>σκεμμάτων</span> <span class='ocrx_word' id='word_1_192' title='bbox 2679 2298 2787 2374; x_wconf 86' lang='grc' dir='ltr'>τῆς</span> <span class='ocrx_word' id='word_1_193' title='bbox 2823 2293 2975 2358; x_wconf 78' lang='grc' dir='ltr'>κατὰ</span> 
     </span>
     <span class='ocr_line' id='line_1_20' title="bbox 666 2398 2976 2484; baseline -0.002 -19"><span class='ocrx_word' id='word_1_194' title='bbox 666 2400 1056 2484; x_wconf 84' lang='grc' dir='ltr'>φιλοσοφίαν</span> <span class='ocrx_word' id='word_1_195' title='bbox 1101 2400 1354 2481; x_wconf 85' lang='grc' dir='ltr'>θεωρίας</span> <span class='ocrx_word' id='word_1_196' title='bbox 1396 2404 1693 2481; x_wconf 81' lang='grc' dir='ltr'>γεννῶσα,</span> <span class='ocrx_word' id='word_1_197' title='bbox 1731 2404 1801 2461; x_wconf 84' lang='grc' dir='ltr'>τὸ</span> <span class='ocrx_word' id='word_1_198' title='bbox 1850 2400 2316 2481; x_wconf 88' lang='grc' dir='ltr'>φυσιολογικόν,</span> <span class='ocrx_word' id='word_1_199' title='bbox 2353 2398 2425 2461; x_wconf 85' lang='grc' dir='ltr'>τὸ</span> <span class='ocrx_word' id='word_1_200' title='bbox 2470 2403 2829 2480; x_wconf 80' lang='grc' dir='ltr'>θεολογικὸν</span> <span class='ocrx_word' id='word_1_201' title='bbox 2875 2398 2976 2462; x_wconf 81' lang='grc' dir='ltr'>καὶ</span> 
     </span>
     <span class='ocr_line' id='line_1_21' title="bbox 561 2500 2977 2588; baseline -0 -22"><span class='ocrx_word' id='word_1_202' title='bbox 561 2526 637 2566; x_wconf 83' lang='lat'>20</span> <span class='ocrx_word' id='word_1_203' title='bbox 665 2505 1099 2584; x_wconf 88' lang='grc' dir='ltr'>μαθηματικόν.</span> <span class='ocrx_word' id='word_1_204' title='bbox 1160 2504 1327 2566; x_wconf 75' lang='grc' dir='ltr'>ἀλλὰ</span> <span class='ocrx_word' id='word_1_205' title='bbox 1363 2500 1461 2566; x_wconf 84' lang='grc' dir='ltr'>καὶ</span> <span class='ocrx_word' id='word_1_206' title='bbox 1496 2501 1533 2581; x_wconf 83' lang='grc' dir='ltr'><em>ἡ</em></span> <span class='ocrx_word' id='word_1_207' title='bbox 1574 2502 1757 2567; x_wconf 77' lang='grc' dir='ltr'>ἐλαία</span> <span class='ocrx_word' id='word_1_208' title='bbox 1790 2503 1975 2588; x_wconf 83' lang='grc' dir='ltr'>ταύτῃ</span> <span class='ocrx_word' id='word_1_209' title='bbox 2010 2501 2316 2566; x_wconf 76' lang='grc' dir='ltr'>ἀνάκειται</span> <span class='ocrx_word' id='word_1_210' title='bbox 2355 2503 2455 2566; x_wconf 75' lang='grc' dir='ltr'>διὸ</span> <span class='ocrx_word' id='word_1_211' title='bbox 2485 2502 2555 2566; x_wconf 86' lang='grc' dir='ltr'>τὸ</span> <span class='ocrx_word' id='word_1_212' title='bbox 2585 2503 2681 2567; x_wconf 78' lang='grc' dir='ltr'>ἀεὶ</span> <span class='ocrx_word' id='word_1_213' title='bbox 2718 2501 2977 2566; x_wconf 88' lang='grc' dir='ltr'>θάλλειν</span> 
     </span>
     <span class='ocr_line' id='line_1_22' title="bbox 664 2592 1757 2696; baseline -0.002 -25"><span class='ocrx_word' id='word_1_214' title='bbox 664 2607 954 2696; x_wconf 72' lang='lat' dir='ltr'><strong>(Cornut.</strong></span> <span class='ocrx_word' id='word_1_215' title='bbox 987 2605 1203 2670; x_wconf 77' lang='lat' dir='ltr'>Theol.</span> <span class='ocrx_word' id='word_1_216' title='bbox 1234 2628 1285 2669; x_wconf 81' lang='lat' dir='ltr'>e.</span> <span class='ocrx_word' id='word_1_217' title='bbox 1324 2624 1404 2670; x_wconf 92' lang='lat'>20</span> <span class='ocrx_word' id='word_1_218' title='bbox 1441 2628 1501 2688; x_wconf 91' lang='lat' dir='ltr'>p.</span> <span class='ocrx_word' id='word_1_219' title='bbox 1535 2619 1618 2689; x_wconf 80' lang='lat'>3‘5</span> <span class='ocrx_word' id='word_1_220' title='bbox 1652 2592 1757 2694; x_wconf 77' lang='lat' dir='ltr'>L.)</span> 
     </span>
     <span class='ocr_line' id='line_1_23' title="bbox 757 2707 2470 2793; baseline -0.001 -19"><span class='ocrx_word' id='word_1_221' title='bbox 757 2712 898 2792; x_wconf 91' lang='lat'>196.</span> <span class='ocrx_word' id='word_1_222' title='bbox 946 2710 1157 2793; x_wconf 78' lang='grc' dir='ltr'>ἄμφω]</span> <span class='ocrx_word' id='word_1_223' title='bbox 1190 2708 1287 2773; x_wconf 81' lang='grc' dir='ltr'>καὶ</span> <span class='ocrx_word' id='word_1_224' title='bbox 1317 2709 1423 2776; x_wconf 85' lang='grc' dir='ltr'>τὸν</span> <span class='ocrx_word' id='word_1_225' title='bbox 1453 2709 1870 2793; x_wconf 89' lang='grc' dir='ltr'>Ἀγαμέμνονα</span> <span class='ocrx_word' id='word_1_226' title='bbox 1902 2710 2000 2774; x_wconf 85' lang='grc' dir='ltr'>καὶ</span> <span class='ocrx_word' id='word_1_227' title='bbox 2030 2710 2136 2774; x_wconf 83' lang='grc' dir='ltr'>τὸν</span> <span class='ocrx_word' id='word_1_228' title='bbox 2162 2707 2470 2792; x_wconf 86' lang='grc' dir='ltr'>Ἀχιλλέα</span> 
     </span>
     <span class='ocr_line' id='line_1_24' title="bbox 757 2809 2297 2903; baseline -0.002 -23"><span class='ocrx_word' id='word_1_229' title='bbox 757 2830 902 2900; x_wconf 88' lang='grc'>197.</span> <span class='ocrx_word' id='word_1_230' title='bbox 950 2817 1136 2894; x_wconf 89' lang='grc' dir='ltr'>κόμης</span> <span class='ocrx_word' id='word_1_231' title='bbox 1167 2809 1300 2900; x_wconf 78' lang='grc' dir='ltr'>ἕλε]</span> <span class='ocrx_word' id='word_1_232' title='bbox 1334 2816 1488 2878; x_wconf 86' lang='grc' dir='ltr'>ὅπου</span> <span class='ocrx_word' id='word_1_233' title='bbox 1516 2820 1587 2903; x_wconf 72' lang='grc' dir='ltr'>τὸ</span> <span class='ocrx_word' id='word_1_234' title='bbox 1615 2814 1989 2895; x_wconf 89' lang='grc' dir='ltr'>λογιστικόν,</span> <span class='ocrx_word' id='word_1_235' title='bbox 2022 2814 2297 2877; x_wconf 87' lang='grc' dir='ltr'>διδάσκει</span> 
     </span>
     <span class='ocr_line' id='line_1_25' title="bbox 949 2914 2978 3004; baseline -0.002 -22"><span class='ocrx_word' id='word_1_236' title='bbox 949 2917 1173 2998; x_wconf 84' lang='grc' dir='ltr'>ξανθῆς</span> <span class='ocrx_word' id='word_1_237' title='bbox 1219 2920 1284 2981; x_wconf 78' lang='grc' dir='ltr'>δὲ</span> <span class='ocrx_word' id='word_1_238' title='bbox 1336 2914 1551 3004; x_wconf 87' lang='grc' dir='ltr'>κόμης]</span> <span class='ocrx_word' id='word_1_239' title='bbox 1606 2916 1915 2981; x_wconf 86' lang='grc' dir='ltr'>τουτέστιν</span> <span class='ocrx_word' id='word_1_240' title='bbox 1967 2915 2316 2996; x_wconf 78' lang='grc' dir='ltr'>ἐπελάβετο</span> <span class='ocrx_word' id='word_1_241' title='bbox 2360 2915 2398 2995; x_wconf 80' lang='grc' dir='ltr'><strong><em>ἦ</em></strong></span> <span class='ocrx_word' id='word_1_242' title='bbox 2445 2915 2743 2997; x_wconf 90' lang='grc' dir='ltr'>φρόνησις</span> <span class='ocrx_word' id='word_1_243' title='bbox 2795 2915 2978 2980; x_wconf 78' lang='grc' dir='ltr'>αὐτοῦ</span> 
     </span>
     <span class='ocr_line' id='line_1_26' title="bbox 563 3017 2976 3104; baseline -0.001 -20"><span class='ocrx_word' id='word_1_244' title='bbox 563 3041 636 3100; x_wconf 89' lang='lat'>25</span> <span class='ocrx_word' id='word_1_245' title='bbox 665 3028 770 3087; x_wconf 75' lang='grc' dir='ltr'>τοῦ</span> <span class='ocrx_word' id='word_1_246' title='bbox 823 3022 1198 3102; x_wconf 83' lang='grc' dir='ltr'>ξανθοκόμου</span> <span class='ocrx_word' id='word_1_247' title='bbox 1246 3020 1595 3104; x_wconf 87' lang='grc' dir='ltr'>Ἀχιλλέως</span> <span class='ocrx_word' id='word_1_248' title='bbox 1658 3021 1755 3084; x_wconf 83' lang='grc' dir='ltr'>καὶ</span> <span class='ocrx_word' id='word_1_249' title='bbox 1818 3018 2196 3084; x_wconf 86' lang='grc' dir='ltr'>κατέπαυσεν</span> <span class='ocrx_word' id='word_1_250' title='bbox 2247 3019 2446 3084; x_wconf 81' lang='grc' dir='ltr'>αὐτόν.</span> <span class='ocrx_word' id='word_1_251' title='bbox 2510 3017 2855 3101; x_wconf 80' lang='grc' dir='ltr'>ὑπογράφει</span> <span class='ocrx_word' id='word_1_252' title='bbox 2906 3019 2976 3082; x_wconf 76' lang='grc' dir='ltr'>δὲ</span> 
     </span>
     <span class='ocr_line' id='line_1_27' title="bbox 661 3120 2977 3209; baseline -0.002 -19"><span class='ocrx_word' id='word_1_253' title='bbox 661 3127 807 3206; x_wconf 80' lang='grc' dir='ltr'>ἡμῖν</span> <span class='ocrx_word' id='word_1_254' title='bbox 850 3125 957 3190; x_wconf 84' lang='grc' dir='ltr'>τὸν</span> <span class='ocrx_word' id='word_1_255' title='bbox 997 3123 1301 3207; x_wconf 89' lang='grc' dir='ltr'>Ἀχιλλέα</span> <span class='ocrx_word' id='word_1_256' title='bbox 1345 3126 1413 3189; x_wconf 76' lang='grc' dir='ltr'>ἐν</span> <span class='ocrx_word' id='word_1_257' title='bbox 1447 3124 1680 3190; x_wconf 86' lang='grc' dir='ltr'>τούτοις</span> <span class='ocrx_word' id='word_1_258' title='bbox 1723 3126 1896 3209; x_wconf 77' lang='grc' dir='ltr'>ψυχῇ</span> <span class='ocrx_word' id='word_1_259' title='bbox 1941 3148 2009 3187; x_wconf 90' lang='grc' dir='ltr'>τε</span> <span class='ocrx_word' id='word_1_260' title='bbox 2055 3121 2152 3186; x_wconf 81' lang='grc' dir='ltr'>καὶ</span> <span class='ocrx_word' id='word_1_261' title='bbox 2198 3122 2450 3203; x_wconf 77' lang='grc' dir='ltr'>σώματι,</span> <span class='ocrx_word' id='word_1_262' title='bbox 2489 3125 2662 3209; x_wconf 77' lang='grc' dir='ltr'>ψυχῇ</span> <span class='ocrx_word' id='word_1_263' title='bbox 2706 3120 2839 3201; x_wconf 90' lang='grc' dir='ltr'>μέν,</span> <span class='ocrx_word' id='word_1_264' title='bbox 2879 3123 2977 3185; x_wconf 86' lang='grc' dir='ltr'>ὅτι</span> 
     </span>
     <span class='ocr_line' id='line_1_28' title="bbox 665 3224 2974 3310; baseline -0.003 -15"><span class='ocrx_word' id='word_1_265' title='bbox 665 3227 1000 3310; x_wconf 83' lang='grc' dir='ltr'>θυμοειδής,</span> <span class='ocrx_word' id='word_1_266' title='bbox 1033 3231 1097 3293; x_wconf 76' lang='grc' dir='ltr'>ἐκ</span> <span class='ocrx_word' id='word_1_267' title='bbox 1133 3233 1237 3292; x_wconf 87' lang='grc' dir='ltr'>τοῦ</span> <span class='ocrx_word' id='word_1_268' title='bbox 1268 3231 1463 3293; x_wconf 78' lang='grc' dir='ltr'>εἶπεῖν</span> <span class='ocrx_word' id='word_1_269' title='bbox 1503 3227 1685 3292; x_wconf 78' lang='grc' dir='ltr'>αὐτὸν</span> <span class='ocrx_word' id='word_1_270' title='bbox 1731 3225 2127 3305; x_wconf 84' lang='grc' dir='ltr'>ξανθόκομον·</span> <span class='ocrx_word' id='word_1_271' title='bbox 2176 3228 2235 3290; x_wconf 74' lang='grc' dir='ltr'>οἱ</span> <span class='ocrx_word' id='word_1_272' title='bbox 2276 3229 2393 3309; x_wconf 76' lang='grc' dir='ltr'>γὰρ</span> <span class='ocrx_word' id='word_1_273' title='bbox 2434 3224 2797 3305; x_wconf 80' lang='grc' dir='ltr'>ξανθόκομοι</span> <span class='ocrx_word' id='word_1_274' title='bbox 2837 3224 2974 3303; x_wconf 74' lang='grc' dir='ltr'>ὀξύ-</span> 
     </span>
     <span class='ocr_line' id='line_1_29' title="bbox 664 3327 2976 3418; baseline 0 -22"><span class='ocrx_word' id='word_1_275' title='bbox 664 3342 844 3418; x_wconf 88' lang='grc' dir='ltr'>χολοι</span> <span class='ocrx_word' id='word_1_276' title='bbox 892 3334 971 3400; x_wconf 79' lang='grc' dir='ltr'>ὣς</span> <span class='ocrx_word' id='word_1_277' title='bbox 1014 3330 1517 3414; x_wconf 81' lang='grc' dir='ltr'>ὑπερωπτημένον</span> <span class='ocrx_word' id='word_1_278' title='bbox 1558 3333 1803 3414; x_wconf 81' lang='grc' dir='ltr'>ἔχοντες</span> <span class='ocrx_word' id='word_1_279' title='bbox 1845 3330 1916 3393; x_wconf 85' lang='grc' dir='ltr'>τὸ</span> <span class='ocrx_word' id='word_1_280' title='bbox 1961 3332 2109 3409; x_wconf 77' lang='grc' dir='ltr'>αἷμα</span> <span class='ocrx_word' id='word_1_281' title='bbox 2154 3328 2253 3394; x_wconf 85' lang='grc' dir='ltr'>καὶ</span> <span class='ocrx_word' id='word_1_282' title='bbox 2295 3330 2407 3409; x_wconf 81' lang='grc' dir='ltr'>τὴν</span> <span class='ocrx_word' id='word_1_283' title='bbox 2450 3327 2672 3412; x_wconf 81' lang='grc' dir='ltr'>χολήν,</span> <span class='ocrx_word' id='word_1_284' title='bbox 2713 3334 2861 3410; x_wconf 80' lang='grc' dir='ltr'>πρὸς</span> <span class='ocrx_word' id='word_1_285' title='bbox 2901 3328 2976 3408; x_wconf 79' lang='grc' dir='ltr'>,ἧς</span> 
     </span>
     <span class='ocr_line' id='line_1_30' title="bbox 667 3431 2976 3518; baseline -0.003 -15"><span class='ocrx_word' id='word_1_286' title='bbox 667 3439 1022 3518; x_wconf 85' lang='grc' dir='ltr'>ποιούμεναι</span> <span class='ocrx_word' id='word_1_287' title='bbox 1061 3437 1128 3500; x_wconf 82' lang='grc' dir='ltr'>αἵ</span> <span class='ocrx_word' id='word_1_288' title='bbox 1166 3461 1232 3500; x_wconf 90' lang='grc' dir='ltr'>τε</span> <span class='ocrx_word' id='word_1_289' title='bbox 1275 3437 1450 3514; x_wconf 87' lang='grc' dir='ltr'>κόμαι</span> <span class='ocrx_word' id='word_1_290' title='bbox 1496 3433 1593 3498; x_wconf 80' lang='grc' dir='ltr'>καὶ</span> <span class='ocrx_word' id='word_1_291' title='bbox 1637 3434 1713 3498; x_wconf 82' lang='grc' dir='ltr'>τὰ</span> <span class='ocrx_word' id='word_1_292' title='bbox 1754 3435 2006 3514; x_wconf 75' lang='grc' dir='ltr'>σώματα</span> <span class='ocrx_word' id='word_1_293' title='bbox 2044 3434 2396 3516; x_wconf 78' lang='grc' dir='ltr'>χρῶζονται,</span> <span class='ocrx_word' id='word_1_294' title='bbox 2431 3431 2529 3497; x_wconf 83' lang='grc' dir='ltr'>καὶ</span> <span class='ocrx_word' id='word_1_295' title='bbox 2563 3432 2723 3516; x_wconf 81' lang='grc' dir='ltr'>&lt;τᾶ)</span> <span class='ocrx_word' id='word_1_296' title='bbox 2757 3438 2876 3496; x_wconf 86' lang='grc' dir='ltr'>τῶν</span> <span class='ocrx_word' id='word_1_297' title='bbox 2907 3433 2976 3495; x_wconf 76' lang='grc' dir='ltr'>ἐκ</span> 
     </span>
     <span class='ocr_line' id='line_1_31' title="bbox 565 3536 2981 3625; baseline -0.003 -18"><span class='ocrx_word' id='word_1_298' title='bbox 565 3567 642 3625; x_wconf 84' lang='lat'>30</span> <span class='ocrx_word' id='word_1_299' title='bbox 670 3545 774 3620; x_wconf 84' lang='grc' dir='ltr'>τῆς</span> <span class='ocrx_word' id='word_1_300' title='bbox 813 3541 1104 3622; x_wconf 85' lang='grc' dir='ltr'>μελαίνης</span> <span class='ocrx_word' id='word_1_301' title='bbox 1142 3543 1338 3623; x_wconf 83' lang='grc' dir='ltr'>χολῆς</span> <span class='ocrx_word' id='word_1_302' title='bbox 1375 3540 1596 3619; x_wconf 86' lang='grc' dir='ltr'>ὁμοίως</span> <span class='ocrx_word' id='word_1_303' title='bbox 1640 3545 1792 3620; x_wconf 86' lang='grc' dir='ltr'>πρὸς</span> <span class='ocrx_word' id='word_1_304' title='bbox 1835 3538 1904 3601; x_wconf 85' lang='grc' dir='ltr'>τὸ</span> <span class='ocrx_word' id='word_1_305' title='bbox 1938 3537 2330 3620; x_wconf 82' lang='grc' dir='ltr'>μελάντερον·</span> <span class='ocrx_word' id='word_1_306' title='bbox 2374 3537 2639 3602; x_wconf 75' lang='grc' dir='ltr'>κάκεῖνοι</span> <span class='ocrx_word' id='word_1_307' title='bbox 2674 3537 2740 3599; x_wconf 73' lang='grc' dir='ltr'>δὲ</span> <span class='ocrx_word' id='word_1_308' title='bbox 2775 3536 2981 3617; x_wconf 78' lang='grc' dir='ltr'>ἅγριοί</span> 
     </span>
     <span class='ocr_line' id='line_1_32' title="bbox 670 3640 2978 3725; baseline -0.003 -15"><span class='ocrx_word' id='word_1_309' title='bbox 670 3649 794 3711; x_wconf 77' lang='grc' dir='ltr'>εἶσι</span> <span class='ocrx_word' id='word_1_310' title='bbox 827 3646 924 3711; x_wconf 83' lang='grc' dir='ltr'>καὶ</span> <span class='ocrx_word' id='word_1_311' title='bbox 955 3643 1316 3725; x_wconf 80' lang='grc' dir='ltr'>βαρύθυμοι.</span> <span class='ocrx_word' id='word_1_312' title='bbox 1372 3644 1470 3706; x_wconf 84' lang='grc' dir='ltr'>καὶ</span> <span class='ocrx_word' id='word_1_313' title='bbox 1499 3648 1779 3725; x_wconf 76' lang='grc' dir='ltr'>ψυχικῶς</span> <span class='ocrx_word' id='word_1_314' title='bbox 1809 3643 1921 3722; x_wconf 79' lang='grc' dir='ltr'>μὲν</span> <span class='ocrx_word' id='word_1_315' title='bbox 1951 3643 2104 3705; x_wconf 85' lang='grc' dir='ltr'>οὕτω</span> <span class='ocrx_word' id='word_1_316' title='bbox 2134 3640 2574 3724; x_wconf 76' lang='grc' dir='ltr'>χαρακτηρίζει·</span> <span class='ocrx_word' id='word_1_317' title='bbox 2623 3645 2978 3720; x_wconf 81' lang='grc' dir='ltr'>σωματικῶς</span> 
     </span>
     <span class='ocr_line' id='line_1_33' title="bbox 669 3741 2978 3830; baseline -0.003 -17"><span class='ocrx_word' id='word_1_318' title='bbox 669 3751 736 3814; x_wconf 73' lang='grc' dir='ltr'>δὲ</span> <span class='ocrx_word' id='word_1_319' title='bbox 781 3751 846 3812; x_wconf 72' lang='grc' dir='ltr'>ἐκ</span> <span class='ocrx_word' id='word_1_320' title='bbox 893 3752 998 3812; x_wconf 84' lang='grc' dir='ltr'>τοῦ</span> <span class='ocrx_word' id='word_1_321' title='bbox 1041 3746 1263 3830; x_wconf 87' lang='grc' dir='ltr'>λέγειν,</span> <span class='ocrx_word' id='word_1_322' title='bbox 1306 3746 1399 3810; x_wconf 82' lang='grc' dir='ltr'>ὅτι</span> <span class='ocrx_word' id='word_1_323' title='bbox 1440 3749 1648 3812; x_wconf 77' lang='grc' dir='ltr'>ἅπλῶς</span> <span class='ocrx_word' id='word_1_324' title='bbox 1705 3744 1922 3824; x_wconf 80' lang='grc' dir='ltr'>ξανθὸς</span> <span class='ocrx_word' id='word_1_325' title='bbox 1975 3745 2073 3808; x_wconf 83' lang='grc' dir='ltr'>καὶ</span> <span class='ocrx_word' id='word_1_326' title='bbox 2125 3745 2364 3826; x_wconf 89' lang='grc' dir='ltr'>πυρρός.</span> <span class='ocrx_word' id='word_1_327' title='bbox 2424 3748 2695 3809; x_wconf 85' lang='grc' dir='ltr'>τοιοῦτος</span> <span class='ocrx_word' id='word_1_328' title='bbox 2743 3742 2860 3825; x_wconf 82' lang='grc' dir='ltr'>γὰρ</span> <span class='ocrx_word' id='word_1_329' title='bbox 2900 3741 2978 3821; x_wconf 85' lang='grc' dir='ltr'>ἦν</span> 
     </span>
     <span class='ocr_line' id='line_1_34' title="bbox 666 3845 2978 3936; baseline -0.003 -20"><span class='ocrx_word' id='word_1_330' title='bbox 666 3851 1016 3936; x_wconf 79' lang='grc' dir='ltr'>Ἀχιλλεύς,</span> <span class='ocrx_word' id='word_1_331' title='bbox 1067 3848 1490 3933; x_wconf 81' lang='grc' dir='ltr'>μακροσκελής</span> <span class='ocrx_word' id='word_1_332' title='bbox 1539 3874 1606 3915; x_wconf 91' lang='grc' dir='ltr'>τε</span> <span class='ocrx_word' id='word_1_333' title='bbox 1659 3852 1758 3914; x_wconf 86' lang='grc' dir='ltr'>καὶ</span> <span class='ocrx_word' id='word_1_334' title='bbox 1809 3847 1949 3928; x_wconf 84' lang='grc' dir='ltr'>ὀξὺς</span> <span class='ocrx_word' id='word_1_335' title='bbox 2010 3847 2107 3912; x_wconf 86' lang='grc' dir='ltr'>καὶ</span> <span class='ocrx_word' id='word_1_336' title='bbox 2168 3847 2426 3928; x_wconf 74' lang='grc' dir='ltr'>εὐμήκης</span> <span class='ocrx_word' id='word_1_337' title='bbox 2476 3847 2692 3913; x_wconf 88' lang='grc' dir='ltr'>λευκός</span> <span class='ocrx_word' id='word_1_338' title='bbox 2749 3870 2817 3911; x_wconf 91' lang='grc' dir='ltr'>τε</span> <span class='ocrx_word' id='word_1_339' title='bbox 2875 3845 2978 3910; x_wconf 85' lang='grc' dir='ltr'>καὶ</span> 
     </span>
     <span class='ocr_line' id='line_1_35' title="bbox 666 3952 1557 4036; baseline -0.002 -15"><span class='ocrx_word' id='word_1_340' title='bbox 666 3954 1196 4034; x_wconf 81' lang='grc' dir='ltr'>ὑπεσπανισμένος</span> <span class='ocrx_word' id='word_1_341' title='bbox 1224 3954 1295 4017; x_wconf 87' lang='grc' dir='ltr'>τὸ</span> <span class='ocrx_word' id='word_1_342' title='bbox 1323 3952 1557 4036; x_wconf 83' lang='grc' dir='ltr'>γένειον</span> 
     </span>
     <span class='ocr_line' id='line_1_36' title="bbox 568 4054 2309 4145; baseline -0.002 -23"><span class='ocrx_word' id='word_1_343' title='bbox 568 4088 642 4145; x_wconf 85' lang='lat'>35</span> <span class='ocrx_word' id='word_1_344' title='bbox 762 4078 899 4142; x_wconf 89' lang='lat'>199.</span> <span class='ocrx_word' id='word_1_345' title='bbox 945 4060 1097 4136; x_wconf 76' lang='grc' dir='ltr'>μετὰ</span> <span class='ocrx_word' id='word_1_346' title='bbox 1126 4056 1176 4121; x_wconf 88' lang='grc' dir='ltr'>δ’</span> <span class='ocrx_word' id='word_1_347' title='bbox 1210 4054 1528 4144; x_wconf 80' lang='grc' dir='ltr'>ἔτραπετο]</span> <span class='ocrx_word' id='word_1_348' title='bbox 1560 4056 1695 4136; x_wconf 84' lang='grc' dir='ltr'>ἤτοι</span> <span class='ocrx_word' id='word_1_349' title='bbox 1733 4054 2146 4139; x_wconf 83' lang='grc' dir='ltr'>περιεστράφη</span> <span class='ocrx_word' id='word_1_350' title='bbox 2178 4062 2309 4118; x_wconf 87' lang='lat' dir='ltr'>A=</span> 
     </span>
     <span class='ocr_line' id='line_1_37' title="bbox 761 4155 2283 4247; baseline -0.001 -19"><span class='ocrx_word' id='word_1_351' title='bbox 761 4181 906 4229; x_wconf 90' lang='lat'><em>200.</em></span> <span class='ocrx_word' id='word_1_352' title='bbox 951 4156 1305 4246; x_wconf 89' lang='grc' dir='ltr'>Ἀθηναίην]</span> <span class='ocrx_word' id='word_1_353' title='bbox 1339 4157 1613 4227; x_wconf 85' lang='grc' dir='ltr'>Ἰωνικῶς</span> <span class='ocrx_word' id='word_1_354' title='bbox 1876 4155 1965 4247; x_wconf 80' lang='grc' dir='ltr'>οἶ]</span> <span class='ocrx_word' id='word_1_355' title='bbox 1999 4158 2072 4222; x_wconf 81' lang='grc' dir='ltr'>τὰ</span> <span class='ocrx_word' id='word_1_356' title='bbox 2102 4160 2283 4239; x_wconf 71' lang='grc' dir='ltr'>αὐτῆς</span> 
     </span>
     <span class='ocr_line' id='line_1_38' title="bbox 961 4259 2981 4353; baseline -0.002 -24"><span class='ocrx_word' id='word_1_357' title='bbox 961 4259 1356 4353; x_wconf 88' lang='grc' dir='ltr'>&lt;φάανθεν&gt;]</span> <span class='ocrx_word' id='word_1_358' title='bbox 1391 4266 1607 4346; x_wconf 90' lang='grc' dir='ltr'>φαίνω,</span> <span class='ocrx_word' id='word_1_359' title='bbox 1648 4263 1932 4344; x_wconf 81' lang='grc' dir='ltr'>ἀόριστος</span> <span class='ocrx_word' id='word_1_360' title='bbox 1975 4262 2266 4345; x_wconf 81' lang='grc' dir='ltr'>ἑφάνθην,</span> <span class='ocrx_word' id='word_1_361' title='bbox 2296 4261 2367 4327; x_wconf 81' lang='grc' dir='ltr'>τὸ</span> <span class='ocrx_word' id='word_1_362' title='bbox 2405 4262 2609 4344; x_wconf 89' lang='grc' dir='ltr'>τρίτον</span> <span class='ocrx_word' id='word_1_363' title='bbox 2646 4262 2981 4344; x_wconf 89' lang='grc' dir='ltr'>πρόσωπον</span> 
     </span>
    </p>
   </div>
   <div class='ocr_carea' id='block_1_3' title="bbox 678 4507 2981 4774">
    <p class='ocr_par' dir='ltr' id='par_1_3' title="bbox 678 4507 2981 4774">
     <span class='ocr_line' id='line_1_39' title="bbox 744 4507 2981 4580; baseline -0.004 -15"><span class='ocrx_word' id='word_1_364' title='bbox 744 4528 793 4580; x_wconf 88' lang='lat'>7,</span> <span class='ocrx_word' id='word_1_365' title='bbox 819 4518 865 4567; x_wconf 90' lang='lat'>8.</span> <span class='ocrx_word' id='word_1_366' title='bbox 901 4515 962 4564; x_wconf 84' lang='grc' dir='ltr'>τὸ</span> <span class='ocrx_word' id='word_1_367' title='bbox 992 4514 1144 4577; x_wconf 82' lang='grc' dir='ltr'>μέσον</span> <span class='ocrx_word' id='word_1_368' title='bbox 1165 4514 1254 4574; x_wconf 81' lang='grc' dir='ltr'>τῆς</span> <span class='ocrx_word' id='word_1_369' title='bbox 1283 4512 1398 4561; x_wconf 61' lang='lat' dir='ltr'>ozas</span> <span class='ocrx_word' id='word_1_370' title='bbox 1426 4510 1503 4559; x_wconf 72' lang='grc' dir='ltr'>διὰ</span> <span class='ocrx_word' id='word_1_371' title='bbox 1531 4510 1591 4560; x_wconf 82' lang='grc' dir='ltr'>τὸ</span> <span class='ocrx_word' id='word_1_372' title='bbox 1613 4529 1666 4574; x_wconf 80' lang='grc' dir='ltr'>γ.</span> <span class='ocrx_word' id='word_1_373' title='bbox 1689 4528 1734 4560; x_wconf 85' lang='grc' dir='ltr'>τ.</span> <span class='ocrx_word' id='word_1_374' title='bbox 1758 4520 1840 4574; x_wconf 86' lang='grc' dir='ltr'>φρ.</span> <span class='ocrx_word' id='word_1_375' title='bbox 1863 4508 1942 4560; x_wconf 66' lang='grc' dir='ltr'>καὶ</span> <span class='ocrx_word' id='word_1_376' title='bbox 1976 4508 2036 4559; x_wconf 82' lang='grc' dir='ltr'>τὸ</span> <span class='ocrx_word' id='word_1_377' title='bbox 2072 4511 2251 4572; x_wconf 76' lang='grc' dir='ltr'>στῆθος</span> <span class='ocrx_word' id='word_1_378' title='bbox 2283 4509 2469 4573; x_wconf 78' lang='grc' dir='ltr'>ἔχουσα</span> <span class='ocrx_word' id='word_1_379' title='bbox 2503 4508 2594 4571; x_wconf 72' lang='grc' dir='ltr'>ἔξω</span> <span class='ocrx_word' id='word_1_380' title='bbox 2620 4507 2701 4558; x_wconf 64' lang='grc' dir='ltr'>καὶ</span> <span class='ocrx_word' id='word_1_381' title='bbox 2733 4509 2893 4569; x_wconf 74' lang='grc' dir='ltr'>προβ.,</span> <span class='ocrx_word' id='word_1_382' title='bbox 2915 4507 2981 4557; x_wconf 82' lang='lat' dir='ltr'>cf.</span> 
     </span>
     <span class='ocr_line' id='line_1_40' title="bbox 678 4572 2980 4642; baseline -0.003 -11"><span class='ocrx_word' id='word_1_383' title='bbox 678 4584 828 4631; x_wconf 84' lang='lat' dir='ltr'><strong>Corn.</strong></span> <span class='ocrx_word' id='word_1_384' title='bbox 867 4586 887 4641; x_wconf 82' lang='grc' dir='ltr'>ΙΙ</span> <span class='ocrx_word' id='word_1_385' title='bbox 929 4595 1006 4631; x_wconf 88' lang='lat'>10.</span> <span class='ocrx_word' id='word_1_386' title='bbox 1046 4577 1205 4642; x_wconf 68' lang='grc' dir='ltr'>’γλαύξ</span> <span class='ocrx_word' id='word_1_387' title='bbox 1228 4580 1375 4627; x_wconf 83' lang='lat' dir='ltr'>Com.</span> <span class='ocrx_word' id='word_1_388' title='bbox 1414 4582 1434 4634; x_wconf 93' lang='grc' dir='ltr'>ΙΙ</span> <span class='ocrx_word' id='word_1_389' title='bbox 1459 4576 1691 4637; x_wconf 78' lang='grc' dir='ltr'>ὀμμάτων</span> <span class='ocrx_word' id='word_1_390' title='bbox 1714 4579 1894 4626; x_wconf 78' lang='lat' dir='ltr'><strong>Com:</strong></span> <span class='ocrx_word' id='word_1_391' title='bbox 1931 4575 2181 4636; x_wconf 81' lang='grc' dir='ltr'>ὀνομάτων</span> <span class='ocrx_word' id='word_1_392' title='bbox 2217 4582 2238 4636; x_wconf 86' lang='grc' dir='ltr'>ΙΙ</span> <span class='ocrx_word' id='word_1_393' title='bbox 2279 4591 2355 4626; x_wconf 90' lang='lat'>11.</span> <span class='ocrx_word' id='word_1_394' title='bbox 2377 4575 2472 4640; x_wconf 72' lang='grc' dir='ltr'>γὰρ</span> <span class='ocrx_word' id='word_1_395' title='bbox 2494 4576 2676 4624; x_wconf 83' lang='lat' dir='ltr'>Corn.:</span> <span class='ocrx_word' id='word_1_396' title='bbox 2711 4572 2762 4621; x_wconf 78' lang='grc' dir='ltr'>δὲ</span> <span class='ocrx_word' id='word_1_397' title='bbox 2802 4581 2822 4634; x_wconf 79' lang='lat' dir='ltr'>n</span> <span class='ocrx_word' id='word_1_398' title='bbox 2859 4579 2980 4637; x_wconf 83' lang='grc' dir='ltr'>φυλ.</span> 
     </span>
     <span class='ocr_line' id='line_1_41' title="bbox 678 4638 2979 4706; baseline -0.002 -14"><span class='ocrx_word' id='word_1_399' title='bbox 678 4663 726 4692; x_wconf 85' lang='grc' dir='ltr'>τι</span> <span class='ocrx_word' id='word_1_400' title='bbox 750 4649 900 4696; x_wconf 85' lang='lat' dir='ltr'><strong>Corn.</strong></span> <span class='ocrx_word' id='word_1_401' title='bbox 932 4654 951 4704; x_wconf 83' lang='grc' dir='ltr'>ΙΙ</span> <span class='ocrx_word' id='word_1_402' title='bbox 986 4659 1162 4706; x_wconf 78' lang='lat'>24-34.</span> <span class='ocrx_word' id='word_1_403' title='bbox 1186 4659 1360 4706; x_wconf 72' lang='lat' dir='ltr'><strong>margo</strong></span> <span class='ocrx_word' id='word_1_404' title='bbox 1388 4642 1738 4691; x_wconf 77' lang='lat' dir='ltr'><strong>circumcisus:</strong></span> <span class='ocrx_word' id='word_1_405' title='bbox 1775 4643 2001 4706; x_wconf 72' lang='lat' dir='ltr'>supplevi</span> <span class='ocrx_word' id='word_1_406' title='bbox 2026 4643 2181 4692; x_wconf 65' lang='lat' dir='ltr'><strong>tacite</strong></span> <span class='ocrx_word' id='word_1_407' title='bbox 2205 4658 2268 4691; x_wconf 87' lang='lat' dir='ltr'>ex</span> <span class='ocrx_word' id='word_1_408' title='bbox 2298 4643 2344 4693; x_wconf 89' lang='lat' dir='ltr'>L</span> <span class='ocrx_word' id='word_1_409' title='bbox 2379 4649 2399 4706; x_wconf 82' lang='grc' dir='ltr'>ΙΙ</span> <span class='ocrx_word' id='word_1_410' title='bbox 2442 4643 2516 4691; x_wconf 83' lang='lat'>28.</span> <span class='ocrx_word' id='word_1_411' title='bbox 2542 4638 2930 4704; x_wconf 57' lang='grc' dir='ltr'>ὑπερωπτημένον</span> <span class='ocrx_word' id='word_1_412' title='bbox 2958 4646 2979 4700; x_wconf 80' lang='lat' dir='ltr'>u</span> 
     </span>
     <span class='ocr_line' id='line_1_42' title="bbox 685 4706 2033 4774; baseline -0.001 -18"><span class='ocrx_word' id='word_1_413' title='bbox 685 4724 759 4772; x_wconf 85' lang='lat'>29.</span> <span class='ocrx_word' id='word_1_414' title='bbox 798 4711 958 4774; x_wconf 76' lang='lat' dir='ltr'><strong>suppl.</strong></span> <span class='ocrx_word' id='word_1_415' title='bbox 984 4710 1048 4755; x_wconf 88' lang='lat' dir='ltr'>W</span> <span class='ocrx_word' id='word_1_416' title='bbox 1079 4717 1100 4768; x_wconf 80' lang='grc' dir='ltr'>ῃ</span> <span class='ocrx_word' id='word_1_417' title='bbox 1141 4708 1202 4755; x_wconf 77' lang='grc' dir='ltr'>ὡς</span> <span class='ocrx_word' id='word_1_418' title='bbox 1225 4706 1301 4755; x_wconf 73' lang='grc' dir='ltr'>καὶ</span> <span class='ocrx_word' id='word_1_419' title='bbox 1326 4706 1422 4754; x_wconf 80' lang='grc' dir='ltr'>τῶν</span> <span class='ocrx_word' id='word_1_420' title='bbox 1445 4707 1502 4755; x_wconf 74' lang='grc' dir='ltr'>ἐκ</span> <span class='ocrx_word' id='word_1_421' title='bbox 1523 4706 1567 4755; x_wconf 91' lang='lat' dir='ltr'>L</span> <span class='ocrx_word' id='word_1_422' title='bbox 1605 4712 1624 4766; x_wconf 90' lang='grc' dir='ltr'>ΙΙ</span> <span class='ocrx_word' id='word_1_423' title='bbox 1666 4708 1743 4769; x_wconf 80' lang='lat'>36.</span> <span class='ocrx_word' id='word_1_424' title='bbox 1777 4708 1862 4767; x_wconf 85' lang='grc' dir='ltr'>τῆς</span> <span class='ocrx_word' id='word_1_425' title='bbox 1883 4707 2033 4768; x_wconf 75' lang='grc' dir='ltr'>αὑτῆς</span> 
     </span>
    </p>
   </div>
   <div class='ocr_carea' id='block_1_4' title="bbox 3292 379 3295 1382">
    <p class='ocr_par' dir='ltr' id='par_1_4' title="bbox 3292 379 3295 1382">
     <span class='ocr_line' id='line_1_43' title="bbox 3292 379 3295 1382; baseline 0 0"><span class='ocrx_word' id='word_1_426' title='bbox 3292 379 3295 1382; x_wconf 95' lang='lat' dir='ltr'> </span> 
     </span>
    </p>
   </div>
  </div>
 </body>
</html>
