3298 5195
1173 388 1520 451 ῐΛιΑΔοΣ
1562 391 1644 451 Θ.
1691 385 1833 472 (8)
2530 386 2660 449 519

1465 587 1547 647 Θ.

440 685 498 734 2.
547 667 727 759 Ζεύς]
762 672 798 751 ἡ
832 672 1157 752 εἱμαρμένη

365 780 374 788 “
443 793 539 851 14.
584 771 905 862 βέρεθρον]
954 776 1013 838 01
1046 774 1396 839 Μακεδόνες
1429 771 1703 855 ζέρεθρον
1731 770 2075 855 γράφουσιν

439 893 541 960 23.
586 873 907 964 πρόφρων]
938 879 1093 958 μετὰ
1122 878 1452 959 προθυμίας

434 997 542 1065 43.
601 980 723 1044 ἕλω
767 979 838 1046 τὸ
883 978 1202 1062 λαμβάνω·
1262 981 1297 1044 ὁ
1347 978 1622 1060 δεύτερος
1672 978 1955 1060 ἀόριστος
2002 978 2190 1044 εἶλον
2249 980 2284 1041 ὁ
2328 983 2656 1060 παθητικὸς
2685 998 2720 1058 5

347 1083 685 1167 εἱλῘόμην]·
747 1083 818 1149 τὸ
863 1085 1068 1167 τρίτον
1102 1086 1302 1149 εἵλετο
1353 1080 1452 1147 καὶ
1501 1085 1777 1169 συγκοπῇ
1834 1084 1933 1147 καὶ
1986 1085 2219 1170 ἐκβολῇ
2269 1089 2374 1147 τοῦ
2423 1092 2450 1148 t
2493 1084 2654 1150 ἕλτο·

349 1189 541 1274 τροπῇ
565 1191 672 1251 τοῦ
693 1173 743 1249 ’λ
773 1189 861 1255 εἷς
890 1189 926 1254 ν
957 1186 1056 1251 καὶ
1091 1186 1460 1270 πλεονασμῷ
1483 1192 1591 1251 τοῦ
1619 1184 1666 1269 ’γ
1693 1191 1731 1222 “
1752 1183 1986 1268 γέντο”

433 1291 540 1367 48.
584 1287 927 1379 Γάργαρον]
968 1288 1339 1374 ἀκρωτήριον
1362 1288 1526 1369 Ἴδης

585 1392 919 1478 Γάργαρον,
949 1399 1019 1458 rb
1065 1390 1433 1475 ἀκρωτήριον
1472 1394 1577 1470 τῆς
1599 1390 1784 1473 Ἴδης,
1813 1393 1948 1472 ἤτοι
1990 1393 2110 1458 ἀπὸ
2140 1399 2245 1459 τοῦ
2272 1395 2658 1479 γαργαρίζειν

349 1494 449 1561 καὶ
499 1497 848 1562 ἀναδιδόναι
898 1499 975 1561 r&
1017 1499 1206 1561 ὕδατα
1251 1493 1289 1575 ἢ
1340 1496 1461 1560 ἀπὸ
1512 1500 1863 1578 μεταφορᾶς
1909 1502 2016 1559 τοῦ
2066 1499 2133 1561 ἐν
2181 1502 2309 1565 τοῖς
2354 1499 2657 1579 στόμασιν
2690 1521 2761 1562 10

344 1597 515 1678 ἡμῶν
565 1605 1000 1683 γαργαρεῶνος,
1062 1602 1170 1680 τῆς
1227 1598 1563 1683 λεγομένης
1625 1590 1977 1681 σταφυλῆς(
2027 1601 2126 1665 καὶ
2184 1600 2302 1683 γὰρ
2352 1599 2447 1664 τό
2481 1605 2659 1682 σῶμα

345 1707 520 1765 τοῦτο
553 1702 675 1768 ἀπὸ
705 1701 936 1787 παχέος
967 1705 1054 1770 εἰς
1083 1700 1195 1782 ὀξὺ
1224 1704 1324 1767 καὶ
1354 1702 1585 1767 λεπτὸν
1611 1700 1813 1786 λήγει.
1861 1705 1996 1785 τρία
2025 1703 2095 1768 δέ
2131 1706 2293 1769 εἰσιν
2320 1704 2661 1787 ἀκρωτήρια

345 1808 453 1883 τῆς
477 1805 641 1886 Ἴδης
673 1809 903 1871 Λεκτὸν
932 1805 1246 1890 Γάργαρον
1276 1804 1567 1885 Φαλάκρη
1599 1803 1708 1893 (cf.
1739 1806 1820 1869 ad
1851 1804 1932 1870 Il.
1970 1826 2069 1886 14.
2107 1806 2263 1895 284)
2292 1812 2420 1883 A÷

432 1920 535 1991 59.
584 1905 951 1997 όρυμαγδός]
981 1908 1282 1992 γράφεται
1314 1911 1413 1974 καὶ
1446 1916 1479 1946 “
1500 1909 1881 1993 ὀρυγμαδός”
2342 1904 2349 1909 ’

335 2007 344 2013 ’
432 2013 538 2075 61.
580 2008 811 2101 ῥινούς]
845 2012 954 2079 τὰς
983 2012 1223 2095 βύρσας
1483 2012 1587 2091 64.
1634 2009 1908 2101 εὖχωλή]
1938 2014 2236 2099 καύχησις
2690 2040 2760 2097 15

433 2115 536 2181 66.
580 2113 732 2202 ἠώς]
765 2117 964 2198 πρωία
1232 2129 1336 2198 70.
1383 2112 1557 2204 κῆρε]
1588 2118 1803 2198 μοίρας

625 2218 1022 2302 τανηλεγέος]
1059 2218 1541 2300 μακροκοιμήτου
1804 2217 1905 2283 80.
1953 2219 2157 2310 οὖρος]
2191 2221 2402 2304 φύλαξ

339 2358 348 2365 ·
433 2339 584 2401 104.
630 2318 1053 2409 <ἠπεδανός>]
1093 2320 1374 2401 ἀσθενής,
1418 2318 1606 2388 οἱονεὶ
1651 2324 1967 2402 ἀπεδανός,
2001 2327 2035 2388 ὁ
2076 2325 2160 2406 μὴ
2206 2325 2535 2408 δυνάμενος
2577 2328 2654 2393 δι’

338 2424 697 2506 ὑπερβολὴν
728 2426 1051 2493 ἀσθενείας
1081 2426 1149 2489 ἐν
1178 2425 1261 2510 τῷ·
1299 2424 1482 2512 πέδῳ,
1500 2426 1537 2489 δ
1567 2427 1704 2490 ἐστι
1733 2427 1816 2512 τῷ
1851 2426 2084 2509 ἐδάφει,
2116 2432 2351 2508 στῆναι·
2396 2430 2656 2511 ἔμπεδος

341 2529 460 2611 γὰρ
488 2527 738 2612 λέγεται
770 2530 804 2593 ὀ
837 2530 906 2595 ἐν
937 2530 1018 2615 τῷ
1050 2526 1211 2616 πέδῳ
1246 2528 1323 2593 δι’
1356 2529 1541 2614 ἰσχὺν
1570 2530 1766 2597 ἑστὼς
1793 2530 2074 2611 βεβαίως
2104 2536 2210 2595 ΑΒ
2229 2546 2283 2601 -1-
2683 2566 2760 2605 20

436 2650 579 2718 109.
625 2628 846 2719 τούτω]
879 2633 1019 2701 τοὺς
1050 2632 1197 2700 σοὺς
1225 2634 1448 2701 ἵππους

583 2731 907 2825 κομείτων]
945 2732 1443 2818 θεραπευέτωσαν
1638 2733 2018 2824 τόδε-νῶι]
2051 2738 2188 2805 τοὺς
2217 2735 2654 2822 ἐμοὺς-ἡμεῖς

433 2838 580 2901 118.
628 2835 785 2927 ἰθύς]
821 2840 914 2905 ἐπ’
949 2840 1186 2909 εὐθείας

437 2953 580 3026 135.
627 2942 1154 3027 προ<σ>ληπτέον
1195 2949 1501 3025 κεραυνοῦ·
1549 2944 1703 3008 ὅπου
1740 2943 1858 3027 γὰρ
1898 2944 1976 3010 ἂν
2018 2939 2302 3027 κεραυνὸς
2345 2946 2525 3036 πέσῃ,
2571 2949 2651 3018 ὥς

340 3047 506 3109 θεῖον
537 3045 663 3123 ὄζει
693 3047 761 3110 ἐν
792 3047 1001 3132 ἐκείνῳ
1031 3046 1114 3132 τῷ
1148 3046 1315 3133 τόπῳ
1349 3052 1478 3111 Α--
1900 3100 1904 3104 «
2078 3041 2085 3046 ’
2404 3091 2409 3098 ·

431 3165 573 3233 139.
619 3144 924 3237 φόβονδε]
959 3152 1046 3217 εἰς
1077 3149 1286 3233 φυγήν
1543 3170 1688 3231 140.
1734 3152 1770 3215 ὅ
1799 3149 1925 3241 τοι]
1958 3155 2054 3218 ὅτι
2085 3179 2190 3220 σοι

620 3247 814 3340 ἀλκή]
845 3249 1108 3332 βοήθεια
1283 3255 1430 3333 164.
1477 3252 1777 3344 εἴξαντος]
1812 3259 2115 3340 φυγόντος

434 3354 575 3436 165.
621 3351 938 3444 γυναῖκας]
972 3359 1081 3424 τᾶς
1107 3356 1397 3440 ἡμετέρας

432 3477 456 3520 1
474 3458 579 3540 78.
624 3456 947 3548 ἀβληχρά]
989 3457 1341 3550 [βλη]χρὸν
1384 3459 1452 3525 τὸ
1502 3462 1778 3542 ἀσθενές,
1811 3465 1909 3529 καὶ
1955 3465 2105 3530 κατὰ
2152 3462 2498 3557 [ἐπίτασιν]
2543 3475 2650 3534 τοῦ

339 3565 382 3627 ἃ
424 3560 764 3646 ἀβληχρόν,
799 3565 898 3627 καὶ
927 3566 987 3628 οἶ
1022 3566 1217 3647 ἰατροὶ
1244 3565 1562 3649 βληχροὺς
1592 3567 1882 3650 πυρετοὺς
1910 3568 2049 3635 τοὺς
2076 3570 2468 3651 μικροτάτους
2676 3600 2754 3656 30

619 3664 847 3754 ἐρύξει]
884 3666 1226 3752 ἐπισχήσει

428 3779 570 3848 179.
615 3762 825 3854 ἵπποι]
859 3768 996 3845 ἐμοί
1260 3767 1400 3834 188.
1445 3764 1823 3857 προτέροισι]
1859 3775 1980 3835 τῶν
2010 3771 2223 3838 ἄλλων
2251 3773 2455 3839 ἵππων

430 3872 572 3954 196.
616 3866 837 3959 τούτω]
871 3875 978 3935 τὸν
1014 3870 1298 3953 Νέστορα
1328 3873 1427 3936 καὶ
1456 3870 1564 3937 τὸν
1587 3871 1865 3953 Διομήδη

428 3986 567 4056 197.
613 3969 930 4062 αὐτονυχί]
965 3979 1305 4058 διφορεῖται
1336 3977 1500 4056 παρᾶ
1528 3980 1657 4043 τοῖς
1687 3983 1972 4045 παλαιοῖς

2681 3081 2754 3138 ²5

425 4077 570 4139 206.
618 4071 1078 4164 Ζῆ]’γράφεται’
1107 4078 1206 4143 καὶ
1236 4083 1279 4115 “
1297 4077 1504 4146 Ζεύς”
2674 4111 2751 4171 35

425 4192 571 4259 215.
619 4178 979 4268 εἰλομένων]
1015 4180 1667 4267 συναθρ<σ>ιζομένων
1906 4181 2093 4275 εἴλει]
2130 4185 2617 4274 συνήθρ<ο>ιζεν

423 4298 570 4347 221.
615 4282 993 4371 πορφύρεον]
1027 4292 1376 4368 πορφυροῦν
1635 4283 1863 4374 φᾶρος]
1899 4287 2141 4368 ἱμάτιον
2167 4295 2218 4354 Α
2237 4306 2291 4361 -Ι-

336 4464 346 4474 ,
423 4395 586 4470 223.’
614 4385 656 4465 ἥ
697 4383 760 4468 ῤ’
792 4388 860 4450 ἐν
892 4386 1188 4475 μεσσάτῳ
1230 4385 1407 4477 ἔσκε]
1435 4391 1619 4470 αἰτία,
1651 4393 1754 4456 διὰ
1796 4392 1859 4458 τί
1901 4392 2057 4474 ἔστη
2092 4395 2179 4461 εὶς
2224 4394 2339 4474 τὴν
2379 4398 2496 4475 νῆα
2538 4404 2644 4462 τοῦ

331 4484 685 4556 Ὀδυσσέως
