3298 5195
1166 346 1510 406 IAIAA02
1557 346 1620 405 r.
1668 337 1800 426 (3)
2502 341 2628 405 501

327 514 600 595 πλησίον
650 519 755 579 τοῦ
806 512 1126 590 Ὠκεανοῦ,
1174 514 1323 594 ὅπερ
1368 516 1662 592 πολεμεῖν
1711 514 1843 578 ταῖς
1894 509 2172 594 γεράνοις
2232 510 2429 591 φασὶν
2479 511 2632 576 ἀπο-

326 621 735 699 βλαπτούσας
767 619 964 682 αὔτῶν
992 620 1070 680 τὰ
1101 615 1417 699 σπέρματα

422 740 523 786 11.
572 719 824 805 (νυκτὸς
855 715 1155 808 ἀμείνω>]
1190 719 1301 799 τὴν
1331 719 1598 804 ὁμίχλην
1627 717 1787 799 φησὶ
1815 721 1942 784 τοῖς
1969 719 2085 799 μὲν
2112 716 2402 797 ποιμέσιν
2440 717 2635 798 ἀσύμ-

329 833 526 907 φορον
572 825 747 900 εἶναι,
779 829 906 892 τοῖς
951 827 1018 890 δὲ
1065 822 1355 891 κλέπταις
1398 824 1498 888 καὶ
1544 819 1757 889 νυκτὸς
1807 819 2300 904 ὠφελιμωτέραν,
2347 821 2480 887 ἐπεὶ
2527 824 2633 902 τῆς

325 928 440 1008 μὲν
491 928 701 996 νυκτὸς
757 927 1094 1010 ὡρισμένον
1146 927 1413 1011 ἐχούσης
1472 924 1682 1008 καιρὸν
1739 926 1808 991 ἐν
1865 925 2184 1010 ἀσφαλείᾳ
2241 923 2632 1006 φυλάσσεται
2659 955 2695 1017 5

326 1030 403 1095 τὰ
432 1029 817 1112 βοσκήματα,
851 1035 958 1111 τῆς
989 1033 1055 1094 δὲ
1085 1029 1312 1112 ἡμέρας
1341 1027 1811 1110 ἐσκεδασμένοις
1855 1026 2060 1095 αὐτοῖς
2100 1030 2253 1092 κατὰ
2292 1027 2401 1097 τὰς
2444 1031 2632 1110 νομὰς

327 1135 558 1199 ὁπόταν
593 1133 887 1217 ἐξαίφνης
919 1133 1148 1221 ἐπέλθῃ
1180 1135 1407 1218 ὁμίχλη
1442 1128 1768 1221 [εὗκ]όλως
1798 1131 1950 1196 αὗτᾶ
1979 1132 2379 1215 ἀφαιροῦνται

417 1238 521 1302 18.
570 1234 780 1327 ξίφος]
815 1237 1020 1317 σπάθη

417 1358 519 1421 24.
568 1337 813 1430 κεραόν]
851 1343 1020 1428 ζωόν·
1069 1346 1282 1424 νεκροῦ
1311 1338 1427 1424 γάρ
1458 1348 1618 1422 φασι
1647 1339 1731 1422 μὴ
1764 1338 2067 1404 ἅπτεσθαι
2096 1344 2204 1405 τὸν
2230 1338 2454 1406 λέοντα
2482 1339 2623 1403 A=

413 1463 519 1528 39.
562 1441 953 1534 γυναιμανές]
998 1446 1099 1510 ἐπὶ
1149 1442 1392 1529 γυναιξὶ
1440 1443 1817 1526 μαινόμενος,
1868 1440 1906 1524 ἢ
1952 1447 2237 1526 γυναῖκας
2281 1444 2369 1511 είς
2409 1444 2634 1527 μανίαν
2663 1474 2741 1518 ιο

323 1547 533 1631 φέρων
561 1552 662 1613 διὰ
690 1556 761 1613 τὸ
793 1549 1022 1615 κάλλος
1049 1547 1184 1620 Α-Ι-

564 1653 634 1717 τὸ
663 1650 1124 1736 “γυναιμανές”
1157 1652 1279 1716 ἀπὸ
1316 1654 1423 1731 τῆς
1465 1649 1748 1734 γυναικός
1788 1653 2034 1733 γενικῆς
2078 1650 2382 1732 συνεκόπη
2426 1675 2630 1734 γυναι·

327 1754 599 1835 κομανές,
648 1757 747 1820 καὶ
799 1757 939 1840 οὐχὶ
986 1755 1106 1819 ἀπὸ
1151 1758 1258 1834 τῆς
1312 1757 1617 1834 κλητικῆς·
1674 1752 1964 1820 οὐδέποτε
2010 1756 2127 1837 γὰρ
2179 1754 2300 1818 ἀπὸ
2349 1755 2633 1834 κλητικῆς

321 1859 618 1924 σύνθετον
647 1862 838 1939 ὄνομα
869 1860 1231 1934 συντίθεται,
1264 1858 1385 1922 ἀπὸ
1416 1859 1483 1923 δὲ
1515 1859 1728 1923 ἄλλων
1757 1857 2052 1922 πτώσεων

563 1960 973 2054 ἠπεροπευτής
1020 1964 1088 2027 ἐκ
1141 1965 1248 2026 τοῦ
1293 1961 1515 2045 ἥμερος
1564 1961 1665 2025 καὶ
1713 1965 1819 2025 τοῦ
1868 1962 1976 2043 ὄψ,
2026 1958 2061 2025 δ
2120 1956 2467 2050 σ’[ημαίνει]
2522 1960 2632 2041 τὴν
2663 1983 2736 2046 15

326 2063 556 2146 φωνήν,
605 2067 639 2130 ὁ
683 2065 882 2153 ἡμέρῳ
928 2061 1098 2154 όπῘὶ]
1144 2064 1476 2149 χρώμενος·
1521 2063 1580 2146 ἤ,
1627 2066 1838 2145 ὥσπερ
1882 2066 2047 2148 παρὰ
2093 2060 2223 2157 [τὸ]
2280 2064 2402 2148 ἔχω
2450 2065 2632 2149 ὀχεύς

326 2169 425 2234 καὶ
471 2169 615 2249 ἔπω,
670 2166 739 2257 [ὅ
785 2166 951 2257 ἐστι]
1005 2167 1190 2252 λέγω,
1236 2167 1436 2246 όπεύς,
1483 2164 1920 2257 πλεο[νασμῲ“]
1967 2171 2075 2231 τοῦ
2124 2167 2239 2251 πέρ
2295 2166 2632 2248 συνδέσμου

324 2274 622 2355 περοπεύς
670 2274 770 2338 καὶ
796 2275 949 2354 μετὰ
984 2276 1089 2336 τοῦ
1128 2283 1167 2336 ἄ
1207 2277 1313 2336 τοῦ
1343 2272 1746 2353 σημαίνοντος
1780 2268 1910 2360 [τὸ]
1945 2277 2129 2338 κακὸν
2158 2268 2629 2363 ἀπεροπευῐτής]

323 2373 425 2438 καὶ
455 2374 645 2459 τροπῇ
678 2368 1151 2460 ἠπεροπ[εν·ι-ής]
1185 2373 1373 2438 οἱονεὶ
1404 2373 1438 2435 ὁ
1470 2371 1630 2458 κακῷ
1662 2368 1897 2459 λόγῘφ]
1928 2372 2237 2454 χρώμενος
2271 2372 2370 2435 καὶ
2400 2370 2605 2459 ἀπάτῃ

410 2476 517 2558 56.
562 2475 945 2561 δειλήμονες]
975 2475 1274 2561 γράφεται
1313 2473 1412 2541 καὶ
1436 2472 1853 2556 “δειδήμονες·
1871 2474 1907 2501 ”
1939 2475 2255 2557 ἀμφότερα
2276 2478 2344 2540 δὲ
2372 2479 2630 2555 δηλοῦσι
2659 2495 2737 2539 20

317 2578 462 2649 -τοὺς
494 2580 783 2663 εὐλαβεῖς

314 2727 322 2737 ·
410 2697 515 2765 57.
561 2681 749 2774 ἔσσο]
784 2684 1071 2751 ἐνδέδυσο
1331 2686 1434 2750 60.
1480 2679 1750 2772 ἀτειρής]
1784 2684 2238 2763 ἀκαταπόνητος

412 2788 515 2852 61.
563 2790 631 2856 ὅς
661 2788 715 2852 τ’
746 2786 934 2876 εἶσιν]
974 2789 1407 2871 προσληπτέον
1436 2788 1506 2852 τὸ
1538 2788 2031 2871 καταφερόμενον

412 2893 517 2978 63.
563 2893 645 2959 ὥς
674 2888 800 2981 τοι]
834 2894 985 2956 οὕτω
1018 2918 1122 2956 σοι

411 2996 514 3075 64.
559 3001 601 3033 “
621 2997 888 3080 χρυσέης
908 2995 950 3023 ”
993 2999 1201 3076 καλῆς.
1247 2997 1301 3081 ᾧ.
1335 2994 1622 3060 Ἐστιαία
1663 3000 1730 3061 δὲ
1774 2995 1812 3074 ἡ
1855 2993 2233 3079 γραμματική
2275 3003 2489 3076 φησιν,
2532 2997 2625 3061 ὅτι
2658 3013 2734 3075 25

321 3100 536 3164 πεδίον
596 3101 731 3166 ἐστὶ
791 3105 1059 3183 χρυσοῦν
1109 3100 1507 3181 καλούμενον,
1554 3101 1623 3165 ἐν
1666 3096 1713 3185 ᾧ
1761 3096 2131 3182 Ἀφροδίτην
2172 3101 2483 3177 τιμᾶσθαι,
2527 3096 2628 3163 καὶ

323 3203 479 3268 εἶναι
510 3205 661 3270 οὕτω
690 3204 921 3288 χρυσῆς
954 3202 1320 3286 Ἀφροδίτης
1362 3204 1539 3284 ἱερόν.
1598 3203 1699 3267 καὶ
1730 3202 1788 3267 οἳ
1816 3203 2083 3284 μὲνιάπὸ
2127 3205 2233 3283 τῆς
2278 3201 2521 3284 Πάφου,
2566 3202 2630 3267 02

322 3309 388 3371 δὲ
419 3307 532 3387 τὴν
567 3306 782 3388 καλήν·
830 3306 1148 3388 Κλεάνθης
1171 3308 1237 3372 δὲ
1267 3305 1367 3394 (fr.
1402 3326 1442 3394 3
1473 3305 1610 3389 W.)
1641 3306 1743 3371 καὶ
1768 3307 1836 3372 ἐν
1862 3304 2090 3393 Λέσβῳ
2135 3307 2288 3396 οὕτω
2333 3309 2630 3385 τιμᾶσθαι

324 3409 692 3493 Ἀφροδίτην
719 3395 955 3495 χρυσῆν
987 3412 1120 3475 B=

409 3515 514 3596 65.
560 3510 919 3603 ἀπόβλητα]
953 3517 1275 3595 ἀποβολῆς
1303 3514 1447 3596 ἀξια
2650 3532 2731 3590 30.

408 3619 513 3682 66.
560 3615 739 3707 ἑκών]
774 3620 960 3703 οἰκείᾳ
995 3620 1248 3706 σπουδῇ,
1276 3618 1359 3701 μὴ
1383 3620 1670 3685 διδόντων
1698 3619 1894 3684 αὐτῶν
2418 3623 2421 3628 ’
2654 3659 2657 3662 -

413 3738 512 3807 73.
558 3718 878 3811 ταμόντες]
917 3723 992 3788 δι’
1026 3724 1295 3803 ἐντομῶν
1323 3721 1729 3804 ποιησάμενοι
1758 3722 1816 3786 Β
1835 3735 1889 3791 -Ι-

411 3827 511 3893 80.
558 3821 1004 3914 τιτυσκόμενοι]
1040 3828 1628 3911 καταστοχαζόμενοι
1660 3827 1799 3890 A:

411 3930 451 4005 8,
454 3950 510 4017 3.
559 3926 836 4018 στεῦται]
879 3932 1040 4012 παρὸ
1077 3929 1149 3994 τὸ
1186 3932 1407 4009 στῆθος
1452 3933 1585 3996 οἷον
1627 3932 1696 3995 ἐν
1737 3936 1866 3999 τοῖς
1909 3928 2171 4011 στήθεσι
2209 3934 2624 3998 διανοεῖται-

321 4035 451 4100 ἐκεῖ
491 4036 608 4117 γὰρ
637 4039 709 4099 τὸ
739 4034 1011 4116 λογικόν,
1045 4035 1126 4101 ὥς
1158 4041 1354 4115 φησιν
1375 4031 1651 4118 Ὄμηρος
1682 4038 1960 4116 “στῆθος
2004 4036 2071 4100 δὲ
2107 4033 2346 4115 πλήξας
2377 4027 2622 4119 κραδίην
2649 4053 2731 4118 35

320 4137 588 4216 ἠνίπαπε
629 4137 850 4224 μύθφ”
884 4134 1035 4224 (Od.
1071 4157 1171 4206 20.
1206 4137 1443 4226 17)-ἢ
1486 4141 1652 4221 παρὰ
1694 4145 1763 4203 τὸ
1814 4139 2026 4224 (cra)
2072 4138 2284 4217 στεύω,
2326 4138 2406 4207 ὦς
2451 4140 2620 4205 ἀθλῶ

319 4242 579 4321 ἀθλεύω,
605 4241 885 4306 στεύεται
917 4244 1016 4306 καὶ
1049 4244 1199 4306 κατὰ
1229 4242 1545 4325 συγκοπῆν
1575 4248 1610 4280 “
1630 4248 1875 4310 στεῦται
1888 4240 1925 4269 ”

411 4345 514 4422 84.
558 4340 747 4433 ἄνεῳ]
781 4344 924 4410 ἄνευ
955 4347 1098 4424 ίωῆς
1126 4344 1261 4424 ἥτοι
1291 4350 1499 4427 φωνῆς
1528 4348 1628 4412 καὶ
1659 4347 1925 4429 θορύβου

408 4462 512 4531 95.
560 4444 740 4535 ἀκήν]
768 4445 865 4512 ἐπ’
895 4448 1080 4530 ἄκρας
1106 4448 1369 4534 ἡσυχίας
1400 4449 1695 4533 ἐγένοντο·
1742 4452 1855 4532 ἀκῆ
1885 4451 2003 4536 γὰρ
2032 4453 2069 4525 ἦ
2100 4450 2315 4531 ὀξύτης

323 4592 329 4598 ·
389 4582 435 4629 1,
462 4583 505 4618 ο.
528 4567 846 4624 βλαηούσας
869 4569 921 4619 D
958 4575 980 4631 ΙΙ
1021 4582 1095 4620 11.
1118 4569 1278 4633 φέρων
1300 4571 1384 4621 Et.
1404 4572 1512 4622 M.:
1546 4569 1699 4636 ῥέζων
1732 4577 1754 4632 η
1794 4571 1871 4620 18.
1892 4569 2157 4635 περιπεύςΙΙ
2186 4569 2261 4621 26.
2285 4569 2476 4632 χρυσῆν
2498 4575 2619 4622 unte

317 4632 546 4715 ‘Azpp3ut
568 4641 636 4686 B:
661 4635 757 4687 del.
786 4636 853 4684 W
879 4640 901 4695 ll
930 4637 1008 4687 28.
1044 4635 1293 4701 Κλεάνθης
1315 4637 1361 4688 Β
1380 4638 1458 4689 D:
1492 4636 1762 4700 ἀπλεάνθης
1785 4643 1806 4699 ΙΙ
1834 4637 1913 4702 36.
1938 4639 2101 4705 suppl.
2125 4637 2191 4688 W
2229 4641 2252 4701 ΙΙ
2292 4636 2371 4701 38.
2407 4632 2619 4700 θορύβου

321 4701 511 4763 Dm
