3298 5195
1203 313 1548 374 ιΛιΑΔοΣ
1595 314 1678 373 Η.
1724 307 1856 396 (7)
2544 310 2674 373 51⁷

461 496 610 563 321.
654 476 908 568 ἕποντα]
945 479 1249 556 διέποντα,
1279 480 1756 561 ἐπιμελούμενον

461 599 612 664 329.
658 579 857 670 δέδηε]
890 582 1267 649 διακέκαυται

461 685 607 770 336.
653 684 792 770 ἄχει
824 683 1308 776 προτραπέσθαι]
1341 693 1410 751 τὸ
1441 687 1594 772 ἄχος
1622 684 2172 769 παραμυθήσασθαι

461 808 608 874 339.
672 786 1192 878 <ἐπαμείβεται>]
1259 790 1332 871 ἐξ
1387 792 1649 872 ἀμοιβῆς
1706 790 2121 874 παραγίνεται,
2181 788 2457 870 ἐναλλὰξ
2524 797 2673 874 πρὸς

374 891 572 957 ἄλλον
604 894 703 958 καὶ
732 895 929 958 ἄλλον
957 899 1146 977 χωρεῖ
1172 914 1294 958 ree.
1558 891 1808 983 ἄνδρας]
1842 894 2147 974 ἀνδρείους
2700 917 2736 977 5

462 1008 610 1078 344.
657 987 829 1080 δᾶερ]
863 994 1079 1076 ἀνδρὸς
1108 992 1345 1076 ἀδελφέ

655 1093 1056 1186 ὀκρυοέσσης]
1104 1101 1287 1177 κακῆς
1325 1097 1730 1180 ταλαιπώρου.
1782 1096 1842 1181 ξ.
1874 1093 1912 1177 ἢ
1950 1097 2238 1181 τραχείας
2278 1096 2377 1163 καὶ
2421 1099 2677 1179 φρικτῆς

371 1195 516 1262 add.
551 1218 669 1264 ree.
2022 1240 2023 1243 =

463 1304 609 1389 346.
654 1301 1077 1393 προφέρουσα]
1114 1307 1368 1389 ἄγουσα.
1430 1306 1482 1390 ᾧ.
1515 1306 1718 1387 πόρρω
1749 1303 2027 1386 φέρουσα
2062 1301 2205 1366 add.
2237 1324 2357 1368 rec.

460 1421 611 1494 352.
659 1405 937 1497 ἔμπεδοι]
973 1410 1301 1491 ἀσφαλεῖς,
1333 1407 1589 1491 βέβαιοι
1836 1408 1987 1493 358.
2036 1403 2328 1495 ἀοίδιμοι]
2361 1410 2465 1474 ἐπὶ
2497 1409 2675 1494 κακίᾳ
2706 1438 2780 1481 10

462 1512 608 1596 367.
650 1509 1020 1600 ὑπότροπος]
1055 1512 1129 1593 ἐξ
1152 1515 1544 1596 ὑποστροφῆς
1576 1512 1965 1591 ἀνεληλυθώς

365 1654 382 1669 .
462 1617 612 1701 376.
661 1618 714 1682 εἰ
744 1615 796 1681 δ’
826 1612 968 1705 ἆγε]
1001 1617 1115 1699 ἆγε
1146 1615 1219 1697 δή
1250 1638 1368 1681 ree.

462 1715 610 1802 378.
657 1715 1006 1807 εἰνατέρων]
1038 1720 1257 1803 ἀνδρὸς
1284 1718 1593 1800 ἀδελφῶν·
1653 1718 1875 1799 ὁμοίως
1918 1721 1986 1785 δὲ
2032 1720 2130 1784 καὶ
2173 1718 2390 1801 ἀνδρὸς
2432 1717 2675 1801 ἀδελφὴ

373 1814 579 1901 γάλως
608 1816 851 1900 λέγεται

463 1918 547 2004 38
564 1939 608 1985 1.
656 1919 906 2010 ότρηρῆ]
940 1922 1251 2005 δραστική,
1280 1922 1591 2005 συνεργός,
1622 1920 1953 2005 προστάτις
1980 1942 2100 1986 reo.
2708 1961 2731 2001 1
2744 1958 2781 2019 5

463 2022 607 2108 389·
656 2021 806 2113 ἅμα]
842 2024 987 2112 ω’ῆῇ
1019 2027 1091 2112 τῇ
1118 2024 1506 2113 Ἀνδρομάχῃ
1798 2020 2038 2113 τιθῆνη]
2072 2023 2107 2104 ἡ
2140 2025 2367 2107 τροφός

464 2128 613 2211 396.
656 2125 968 2216 ὑληέσσῃ]
1003 2129 1294 2215 συμφύτῳ
1326 2129 1491 2214 τόπῳ

462 2248 613 2308 400.
662 2226 920 2319 κόλπον]
954 2231 1086 2310 ἤτοι
1118 2232 1228 2312 τὴν
1256 2231 1535 2315 ἀγκάλην
1566 2236 1691 2302 A÷

460 2348 611 2416 407.
659 2331 959 2423 δαιμόνιε]
989 2334 1245 2415 μακάριε
1273 2332 1311 2414 ἢ
1341 2339 1583 2417 γενναῖε
1613 2355 1733 2399 ree.
1758 2408 1765 2413 ,

466 2433 712 2525 φθίσει]
745 2442 1064 2520 διαφθερεῖ
1092 2460 1211 2505 rec.
2709 2462 2785 2502 20

462 2556 613 2618 412.
659 2537 980 2629 θαλπωρή]
1018 2540 1198 2627 χαρά,
1233 2540 1437 2622 ἡδονή,
1476 2541 1823 2625 παραμυθία

462 2656 613 2725 417.
659 2643 999 2734 ἐξενάριξε]
1039 2645 1377 2710 ἐσκύλευσε
1409 2649 1538 2708 A=
1812 2665 1962 2729 419.
2009 2640 2204 2732 σῆμα]
2239 2641 2439 2727 τάφον
2469 2648 2600 2707 Α--·

461 2765 611 2832 433.
660 2744 919 2836 ἐρινεόν]
958 2748 1069 2829 τὴν
1099 2749 1316 2832 ἀγρίαν
1346 2751 1538 2828 συκῆν

461 2869 610 2934 434.
662 2849 977 2935 (ἀμβατός
1021 2852 1154 2917 ἔστι
1199 2853 1384 2918 πόλις
1428 2852 1528 2916 καὶ
1573 2853 1901 2933 ἐπίδρομον
1945 2852 2169 2916 ἔπλετο
2213 2846 2497 2939 τεῖχος>]
2530 2848 2677 2916 ἀνά-

375 2960 572 3034 βασιν
623 2953 755 3038 ἔχει
803 2953 842 3034 ἡ
895 2955 1033 3021 ὁδὸς
1083 2953 1119 3034 ἡ
1174 2960 1291 3037 πρδ
1345 2958 1464 3019 τῶν
1520 2959 1744 3038 τειχῶν
1802 2953 1998 3019 αὐτῶν
2057 2953 2230 3032 οὖσα,
2288 2955 2356 3017 ἐν
2413 2951 2452 3034 ᾗ
2508 2954 2785 3046 ἔστινοὸ

375 3058 726 3139 ἐπιδραμεῖν
755 3056 908 3140 πρὸς·
939 3057 1007 3120 τὸ
1035 3063 1239 3141 τεῖχος

461 3163 612 3240 462.
659 3157 821 3249 νέον]
856 3162 1072 3244 νεαρόν
1329 3175 1480 3245 511.
1527 3162 1557 3225 ἓ
1587 3156 1806 3249 γοῦνα]
1841 3163 2056 3226 ἑαυτοῦ
2083 3160 2316 3244 γόνατα

464 3277 615 3350 513.
660 3261 958 3353 ἠλέκτωρ]
992 3265 1165 3344 ἥλιος
1188 3268 1555 3342 ἐπιθετικῶς,
1574 3266 1670 3329 ὅτι
1700 3264 2023 3346 ἀλέκτρους
2051 3264 2206 3343 ἡμᾶς
2236 3267 2402 3330 ποιεῖ
2428 3263 2680 3331 ἀνιστα-

375 3368 592 3447 μένους
624 3371 691 3434 ἐκ
723 3371 829 3447 τῆς
867 3372 1086 3447 κοίτης·
1135 3364 1173 3447 ἢ
1206 3369 1300 3432 ὅτι
1331 3370 1625 3450 λαμπρός,
1656 3369 1819 3450 παρὰ
1847 3367 1917 3430 τὸ
1945 3365 2243 3449 ἤλεκτρον

464 3484 613 3553 515.
660 3466 820 3558 εὖτε]
855 3472 1037 3536 ὁπότε
1299 3470 1448 3555 518.
1501 3467 1829 3559 κατερύκω]
1861 3470 2098 3555 κατέχω
2710 3494 2787 3552 30

1484 3790 1563 3849 H.

471 3940 525 3984 1.
576 3918 841 4010 πυλέων]
875 3927 995 3987 τῶν
1030 3927 1240 3987 πυλόν
1276 3927 1402 3985 B==
1673 3916 1987 4009 φαίδιμος]
2022 3923 2056 3985 ὁ
2085 3922 2361 4004 λαμπρός

465 4024 571 4109 36.
620 4031 746 4094 πῶς
773 4022 1068 4114 μέμονας]
1101 4027 1222 4091 τίνι
1251 4027 1452 4112 τρόπῳ
1482 4025 1799 4113 διαλογίζῃ

463 4129 569 4209 56.
618 4129 1010 4215 ἱδρύνθησαν]
1040 4130 1396 4211 ἐπαύθησαν
1421 4133 1528 4193 τοῦ
1557 4134 1850 4210 πολεμεῖν

466 4232 570 4318 63.
617 4230 900 4321 ἐχεύατο]
921 4233 1120 4318 ἐχύθη
2706 4251 2785 4314 35

469 4337 572 4419 96.
618 4331 1043 4424 ἀπειλητῆρες]
1079 4333 1372 4420 καυχηταὶ
1402 4337 1681 4402 ἀπειλεῖν
1708 4335 1895 4415 μόνον
1926 4335 2153 4403 εἰδότες
2187 4340 2314 4408 A÷

468 4453 573 4523 97.
619 4441 861 4506 αἰνόθεν
883 4435 1093 4527 αῑνῶς]
1121 4441 1187 4504 ἐκ
1212 4429 1451 4524 (δεινοῧ
1474 4438 1750 4523 δεινῶς>·
1783 4446 1902 4505 τῶν
1923 4445 2137 4507 δεινῶν
2159 4440 2466 4521 δεινότερα
2488 4443 2594 4502 ΑΒ
2609 4454 2665 4512 4

453 4581 529 4618 11.
564 4566 870 4631 ἀνεληλύτως
916 4572 937 4628 ΙΙ
981 4580 1055 4631 15.
1091 4566 1344 4629 δραστικὸς
1392 4573 1414 4628 ΙΙ
1465 4581 1542 4632 25.
1577 4567 1630 4616 ἐν
1661 4561 1703 4631 ᾧ
1742 4573 1763 4630 ΙΙ
1807 4581 1885 4630 32.
1920 4565 2017 4615 τῶν
2050 4565 2242 4615 πυλέων
2284 4572 2306 4628 ΙΙ
2352 4565 2567 4632 λαμπρὸς
2599 4568 2680 4620 D:

383 4632 730 4697 διπλασιασμός
766 4638 785 4694 Ι]
823 4632 903 4696 36.
939 4631 1180 4698 κανχηταὶ
1202 4638 1270 4683 A:
1303 4632 1578 4697 καυχησταὶ
1613 4638 1633 4694 ΙΙ
1672 4642 1750 4697 37.
1784 4633 2013 4698 supplevi
2037 4649 2099 4682 ex
2120 4633 2172 4682 D
