3298 5195
634 342 766 425 483
1470 342 1816 405 ιΛιΑΔοΣ
1865 346 1934 407 A.
1981 338 2004 426 (
2034 338 2112 426 1)

729 511 832 576 88.
878 509 1290 599 δερκομένοιο]
1321 511 1713 597 βλεπομένου
1835 530 1941 596 90.
1983 507 2408 599 Ἀγαμέμνων]
2441 512 2476 575 6
2504 511 2704 594 τρίτος
2727 509 2951 597 ἔξοχος

730 615 834 700 98.
880 623 914 665 ‘·‘
936 617 1038 682 ἔλι
1058 613 1090 641 ”
1123 619 1275 681 κατὰ
1310 618 1629 684 διάλεκτον
1661 619 1839 682 καλεῖ
1870 615 1941 680 τὸ
1968 616 2168 696 μέλαν

735 739 878 785 100.
920 722 1026 802 μὶν
1055 717 1448 808 πεπίθοιμεν]
1488 721 1595 786 τὸν
1620 720 1996 786 Ἀπόλλωνα
2025 721 2353 799 πείσωμεν

738 842 879 910 103.
927 827 994 889 ἐκ
1034 830 1139 889 τοῦ
1179 824 1332 909 ἄχος
1374 825 1506 907 ἅχω
1548 824 1734 907 ἀχύω,
1767 822 1865 889 καὶ
1906 827 2058 889 κατὰ
2091 822 2488 904 πλεονασμὸν
2515 827 2623 887 τοῦ
2658 825 2695 889 ἶ)
2726 821 2952 906 ἀχύνω,

582 946 619 1008 5
648 929 748 994 καὶ
789 930 857 993 ἐν
899 927 1225 1011 ὑπερθέσει
1264 929 1486 1013 ἀχνύω,
1519 930 1618 993 καὶ
1660 930 1694 992 6
1728 929 1798 1010 μ’ἱ,
1828 929 2089 995 ἐνεστὼς
2123 927 2347 1011 ἀχνυμι
2389 928 2491 993 καὶ
2519 926 2589 992 τὸ
2620 925 2958 1006 παθητικὸν

647 1032 912 1116 ἄχνυμαι
991 1116 1000 1123 .

909 1136 1091 1216 μένος
1121 1136 1406 1215 σημαίνει
1433 1137 1584 1219 τρία,
1615 1136 1722 1201 τὸν
1751 1138 1961 1218 θυμόν,
1993 1135 2071 1204 ὥς
2101 1135 2204 1200 ἐπὶ
2242 1134 2472 1217 τούτου,
2500 1135 2613 1215 τὴν
2650 1133 2846 1218 ἰσχύν,
2877 1131 2961 1200 ὃς

651 1238 718 1304 τὸ
753 1243 786 1272 “
805 1245 957 1304 δῶκε
987 1238 1167 1321 μένος
1199 1241 1299 1304 καὶ
1330 1238 1604 1322 θάρσος”
1635 1238 1785 1327 (Od.
1817 1260 1871 1305 1.
1904 1236 2077 1327 321),
2106 1239 2219 1320 τὴν
2245 1236 2474 1324 ψυχήν,
2506 1238 2589 1306 ὥς
2616 1244 2686 1303 τὸ
2718 1242 2750 1272 “
2772 1235 2959 1317 μένος

647 1343 872 1427 Ἀρηος
892 1340 928 1370 ”
959 1342 1071 1430 (Il.
1105 1342 1205 1409 18.
1242 1341 1395 1430 264)

551 1465 627 1509 10
748 1467 891 1529 104.
938 1447 1059 1512 ἀπὸ
1097 1452 1204 1512 τοῦ
1246 1446 1468 1530 λάμπω
1511 1444 1820 1538 [ἐγέ]νετο
1870 1453 2177 1530 λαμπετῶ,
2225 1447 2295 1512 τὸ
2334 1445 2646 1528 οὐδέτερον
2687 1450 2757 1508 τὸ
2803 1451 2961 1524 λαμ-

654 1557 869 1629 πετῶν,
901 1551 939 1633 ἦ
970 1551 1179 1635 γενικὴ
1209 1556 1316 1616 τοῦ
1344 1558 1791 1632 λαμπετῶντος,
1822 1552 1859 1632 ἦ
1892 1553 2098 1633 δοτικὴ
2126 1557 2530 1634 λαμπετόντι,
2562 1547 2662 1615 καὶ
2694 1558 2962 1616 πλεονα-

658 1657 791 1741 σμῷ
824 1661 928 1719 τοῦ
956 1666 990 1720 ὃ
1015 1660 1048 1689 “
1071 1652 1494 1735 λαμπετόωντι
1514 1653 1555 1682 ”

749 1777 891 1826 112.
939 1755 1178 1848 ἐπειδή]
1213 1760 1351 1824 ἐπεί
1635 1779 1661 1823 1
1680 1778 1779 1839 14.
1822 1760 1893 1824 οὔ
1921 1756 2091 1847 ἑθεν]
2132 1760 2403 1840 οὗδαμῦς
2433 1757 2615 1838 αὑτῆς

754 1862 895 1927 118.
941 1859 1133 1952 ὄφρα]
1166 1863 1236 1928 τὸ
1262 1858 1299 1932 ἶ
1335 1861 1523 1948 (καὶ)
1560 1867 1595 1927 ὃ
1624 1868 1741 1945 πρὸ
1772 1861 1993 1930 δασέος
2022 1868 2320 1946 ψιλοῦται

559 1983 633 2048 15
755 1986 897 2033 120.
943 1963 1138 2055 ἄλλῃ]
1171 1966 1456 2052 ἀλλαχοῦ
1484 1966 1621 2030 A=

754 2090 896 2138 121.
942 2066 1274 2159 ποδάρκης]
1307 2073 1341 2135 6
1371 2072 1656 2153 ἐπαρκεῖν
1696 2071 1884 2157 ἑαυτῷ
1914 2068 2240 2152 δυνάμενος
2269 2070 2505 2150 διὰτῆς
2534 2067 2819 2149 ὀξύτητος
2847 2072 2973 2133 τόν

661 2181 868 2243 ποδῶν
899 2174 996 2239 καὶ
1024 2175 1401 2258 ἀποφεύγειν
1432 2175 1570 2242 τοὺς
1600 2175 1932 2255 πολεμίους
1962 2179 2011 2237 Β
2029 2190 2084 2244 ÷

756 2296 900 2364 123.
944 2274 1309 2368 μεγάθυμοι]
1342 2280 1579 2361 ἐπαίρει
1606 2278 1748 2346 τοὺς
1767 2277 2088 2358 Ἕλληνας
2119 2281 2206 2346 εἰς
2237 2279 2451 2345 ἑαυτόν

759 2400 901 2462 124.
953 2381 1242 2466 <ἴδμεν>]
1298 2381 1544 2461 οἴδαμεν
1588 2381 1664 2461 ἦν
1708 2380 2034 2465 ἀφαιρέσει
2078 2387 2185 2446 τοῦ
2222 2381 2258 2446 ὁ
2310 2380 2409 2447 καὶ
2461 2381 2736 2468 συγκοπῇ
2777 2383 2884 2443 τοῦ
2929 2389 2973 2442 ἅ

564 2512 641 2553 20
666 2489 859 2566 ἴδμεν·
922 2486 956 2548 6
999 2484 1273 2567 δεύτερος
1317 2485 1604 2566 ἀόριστος
1651 2485 1897 2570 (ἴδον),
1943 2485 2015 2550 τὸ
2072 2491 2310 2568 πρῶτον
2368 2491 2489 2550 τῶν
2547 2487 2975 2566 πληθυντικῶν

665 2591 889 2672 ἴδομεν,
923 2588 1023 2654 καὶ
1057 2587 1206 2654 κατὰ
1235 2589 1552 2673 συγκοπὴν
1585 2594 1692 2655 τοῦ
1719 2601 1753 2656 ὄ
1787 2593 1820 2624 “
1843 2591 2013 2673 ἴδμεν
2042 2587 2075 2616 ”

761 2707 903 2775 125.
954 2689 1362 2782 <δέδασται>]
1402 2694 1552 2759 δαίω
1582 2693 1654 2759 τὸ
1697 2695 1898 2760 κόπτω
1939 2692 2037 2760 καὶ
2067 2700 2136 2758 τὸ
2163 2694 2401 2777 μερίζω,
2432 2694 2467 2757 6
2493 2692 2746 2773 μέλλων
2774 2691 2975 2757 δαίσω

672 2798 774 2861 καὶ
805 2796 879 2878 ἐξ
918 2798 1098 2862 αὑτοῦ
1140 2798 1387 2864 δέδαικα
1425 2799 1525 2863 καὶ
1563 2799 1852 2888 ἀποβολῇ
1891 2802 1998 2862 τοῦ
2026 2808 2054 2862 ἴ
2078 2797 2313 2874 δέδακα,
2344 2800 2379 2863 6
2423 2796 2754 2877 παθητικδς
2781 2820 2977 2879 παρα-

673 2902 945 2981 κείμενος
974 2901 1271 2982 δέδασμαι
1302 2910 1336 2938 “
1361 2901 1651 2967 δέδασται
1668 2901 1707 2928 ”

570 3025 646 3082 25
766 3022 908 3091 129.
955 3003 1235 3072 λάπαθος
1276 3005 1512 3087 βοτάνη
1569 3002 1920 3088 καθαρτικῆ·
1964 3006 2066 3072 καὶ
2108 3006 2340 3090 γίνεται
2386 3003 2458 3085 ἐξ
2498 3004 2680 3070 αὑτοῦ
2721 3002 2980 3081 λαπάζω

672 3109 773 3174 καὶ
804 3111 956 3174 κατὰ
984 3108 1380 3190 πλεονασμὸν
1407 3114 1515 3173 τοῦ
1543 3119 1582 3173 ἃ
1614 3108 1908 3188 ἀλαπάζω

769 3231 910 3297 134.
962 3207 1272 3300 <ἧσθαι>]
1316 3214 1480 3294 παρὰ
1521 3210 1592 3276 τὸ
1629 3212 1710 3277 ἕω
1754 3212 1825 3277 τὸ
1862 3210 2204 3292 καθέζομαι·
2248 3212 2459 3278 τούτου
2499 3217 2569 3277 τὸ
2612 3207 2987 3295 παραγωγδν

674 3316 813 3397 ἕημι
845 3313 945 3381 καὶ
973 3317 1008 3379 ὁ
1038 3320 1365 3396 παθητικδς
1393 3314 1565 3397 ἕεμαι
1596 3316 1697 3405 καὶ
1727 3314 1941 3398 κράσει
1970 3315 2118 3397 ἧμαι
2148 3316 2246 3381 καὶ
2275 3316 2458 3397 ἧσται
2490 3318 2591 3382 καὶ
2619 3323 2657 3353 “
2676 3315 2865 3397 ἧσθαι
2879 3312 2919 3339 ”

769 3420 909 3505 136.
955 3416 1162 3508 ἔσται]
1209 3420 1413 3486 λείπει
1458 3420 1666 3486 καλόν·
1711 3417 1749 3499 ἢ
1795 3421 1958 3488 ὅπως
2001 3421 2142 3484 ἴσον
2183 3422 2254 3507 τῇ
2297 3422 2407 3508 ἐμῇ
2448 3418 2592 3506 ἀξίᾳ
2632 3419 2897 3504 γένηται·
2941 3414 2985 3498 ἦ

571 3546 650 3604 30
675 3522 806 3606 μεθ’
844 3525 1209 3605 ὑποστολῆς,
1241 3523 1372 3589 εἶτα
1400 3522 1471 3587 τὸ
1503 3527 1538 3560 ‘⁶
1564 3522 1792 3588 ἔσται”

771 3646 914 3713 143.
955 3623 1268 3717 ἐπίτηδες]
1301 3627 1653 3706 ἐπιτηδείως

771 3749 916 3810 144.
963 3727 1415 3819 καλλιπάρῃον]
1451 3732 1553 3795 διὰ
1594 3735 1700 3795 τοῦ
1727 3743 1768 3810 ἦ
1800 3737 2086 3815 Δωρικῶς

777 3849 917 3915 147.
964 3832 1418 3922 ἐκπαγλότατα]
1458 3835 1779 3916 μεταθέσει
1819 3842 1925 3900 τοῦ
1961 3848 1999 3916 ἢ
2032 3840 2119 3904 είς
2146 3848 2206 3902 ἄ·
2253 3839 2416 3920 παρὰ
2444 3840 2561 3920 γὰρ
2592 3843 2662 3901 τὸ
2692 3833 2981 3916 πλήσσω·

685 3940 784 4005 ἐπὶ
812 3940 923 4019 μὲν
952 3943 1222 4022 ψυχικοῦ
1259 3938 1485 4007 πάθους
1530 3943 1631 4004 διὰ
1661 3944 1767 4003 τοῦ
1795 3950 1855 4014 ἃ,
1888 3939 1988 4005 ἐπὶ
2023 3943 2089 4006 δὲ
2120 3946 2226 4006 τοῦ
2257 3947 2600 4021 σωματικοῦ
2629 3931 2991 4025 πλήγματος

577 4056 655 4119 35
683 4046 784 4108 διὰ
812 4045 919 4106 τοῦ
946 4049 1013 4123 ἧ·
1062 4040 1340 4125 ἐπλάγην
1366 4044 1484 4126 γὰρ
1515 4043 1611 4108 καὶ
1645 4041 1991 4128 ἐξεπλάγην
2022 4046 2122 4111 ἐπὶ
2152 4048 2257 4125 τῆς
2286 4049 2494 4129 ψυχῆς

777 4158 920 4232 150.
963 4147 1196 4228 ὑπόδρα
1224 4143 1397 4237 tadu]
1430 4146 1632 4214 δεινὸν
1655 4147 2175 4233 ὑποβλεψάμενος
2204 4154 2335 4213 A=

966 4245 1223 4339 ὑπάδρα]
1267 4252 1580 4335 ἐπίρρημα.
1638 4251 1876 4335 γίνεται
1920 4253 1989 4317 δὲ
2027 4253 2234 4336 ὥσπερ
2265 4252 2387 4320 ἀπὸ
2429 4257 2537 4319 τοῦ
2568 4252 2767 4337 ἠρεμῶ
2798 4252 2995 4336 ἠρέμα

751 4537 800 4590 6.
833 4539 1063 4605 nequitur
1094 4538 1249 4589 schol.
1283 4554 1380 4588 rec.
1408 4538 1585 4588 eadem
1607 4539 1672 4589 de
1693 4556 1768 4599 re,
1794 4545 1850 4591 at
1874 4540 1977 4592 fere
2006 4541 2282 4592 evanidam
2316 4546 2341 4603 η
2379 4551 2422 4607 7.
2458 4557 2611 4607 snpra
2631 4540 2761 4606 μέγα
2782 4559 2832 4592 v.
2864 4542 2986 4607 103]

685 4605 928 4678 nfflptum
948 4602 1071 4667 μένη
1105 4608 1128 4664 ΙΙ
1164 4617 1241 4653 20.
1261 4601 1434 4682 ,οῖδμεν
1455 4604 1482 4651 6
1506 4605 1547 4654 δ.
1579 4609 1600 4664 ΙΙ
1630 4615 1706 4667 ²7·
1731 4604 1794 4655 ἕο)
1823 4611 1845 4668 n
1876 4610 1951 4660 28.
1976 4605 2085 4670 ἔημι
2117 4614 2140 4670 11
2174 4605 2307 4668 ἴεμαι
2335 4614 2357 4668 u
2386 4622 2463 4676 ²9·
2486 4609 2553 4659 nd
2580 4621 2670 4673 135
2700 4614 2760 4658 ut
2783 4607 2991 4659 videtur

684 4669 842 4719 schol.
865 4675 1008 4718 extat
1029 4670 1084 4720 in
1115 4684 1345 4732 marg-me
1368 4668 1640 4720 eumdum
