3298 5195
639 367 769 431 520
1469 369 1812 430 ιΛιΑΔοΣ
1859 370 1938 431 Θ.
1984 364 2126 453 (8)

925 530 1300 624 γεγωνέμεν]
1333 534 1494 602 ὥστε
1756 548 1902 623 235.
1946 531 2138 624 τάχα]
2171 534 2407 621 ταχέως

738 638 881 725 236.
928 636 1094 727 τινά]
1128 639 1327 707 ἄλλον
1589 652 1736 726 237.
1780 635 2080 729 ἀπηύρας]
2109 639 2189 708 ὥς
2219 639 2325 721 ἐμέ

738 760 882 827 239.
929 737 1146 831 ἔρρων]
1181 741 1282 808 ἐπὶ
1314 744 1516 828 φθορᾷ
1545 743 2034 826 παραγενόμενος
2066 749 2121 808 Α
2139 757 2195 817 -l-

739 862 882 931 243.
929 843 1174 934 αὗτούς]
1206 844 1362 926 ἡμᾶς
1625 859 1771 928 257.
1817 841 2267 935 Φραδμονίδην]
2300 844 2656 929 Φράδμονος
2685 851 2876 912 παῖδα

584 972 619 1034 5
739 962 884 1034 295.
930 943 1175 1037 αὐτούς]
1205 954 1419 1031 Τρῶας
1680 964 1827 1036 327.
1872 947 2198 1038 ὀκριόεντι]
2232 950 2493 1033 ἀκριόεις
2524 951 2624 1017 καὶ
2653 950 2917 1033 όκριόεις

735 1052 882 1140 338.
929 1053 1076 1121 συὸς
1120 1048 1363 1142 ἀγρίου]
1411 1052 1679 1138 συάγρου
1722 1056 2027 1133 δηλονότι·
2075 1053 2557 1136 ἐπισημειωτέον
2601 1055 2689 1135 δέ,
2734 1056 2830 1120 ὅτι
2878 1057 2961 1119 τὰ

647 1161 894 1220 τοιαῦτα
931 1156 1200 1238 ὀνόματα
1238 1156 1606 1244 διῃρημένοις
1633 1156 1894 1240 λέγει,”
1862 1183 1943 1225 ως
1972 1155 2074 1222 καὶ
2102 1157 2217 1223 ’τὸι
2224 1159 2479 1242 ’ἄγριον
2509 1154 2715 1242 αἳγα”
2745 1154 2859 1244 (Il.
2894 1177 2960 1244 3.

654 1272 890 1341 24,15.
930 1257 1085 1347 271)

739 1381 886 1449 341.
930 1359 1161 1450 ὤπαζε]
1194 1363 1460 1428 ἐδίωκεν
1505 1362 1756 1446 λέγεται
1789 1362 1886 1429 καὶ
1916 1363 2017 1430 ἐπὶ
2047 1369 2155 1429 τοῦ
2190 1363 2485 1450 παρέχειν

551 1491 626 1532 ιο
739 1484 886 1553 349.
928 1462 1225 1554 Γοργοῦς]
1255 1465 1336 1534 ὧς
1365 1467 1602 1549 Σαπφό
1633 1471 1950 1549 Σαπφοῦς,
1969 1469 2124 1533 οὕτω
2155 1469 2255 1534 καὶ
2286 1467 2495 1551 Γοργό
2526 1471 2790 1551 Γοργοῦς
2816 1472 2869 1533 A
2886 1480 2951 1539 4-

738 1581 887 1656 352.
929 1568 1220 1638 Ἀττικὸς
1249 1568 1351 1648 νύ,
1384 1575 1669 1652 Δωρικός
1701 1571 1911 1652 ἄμμες,
1944 1573 2245 1639 Αίολικῶς
2276 1570 2436 1651 ἄμμε
2467 1575 2521 1634 Α
2541 1583 2597 1643 -l-

738 1674 885 1761 367.
916 1669 1258 1761 πυλάρταο]
1278 1675 1540 1758 ἰσχυρῶς
1558 1675 2038 1756 συναρμόζοντος
2059 1675 2158 1740 καὶ
2176 1675 2483 1743 κλείοντος
2492 1674 2601 1743 τὰς
2612 1673 2806 1743 πύλας
2818 1679 2872 1738 Α
2888 1686 2949 1746 -Ι-

740 1776 890 1862 378.
935 1775 1353 1866 προφανείσα]
1390 1776 1653 1843 σπάνιον
1680 1783 1856 1843 τοῦτο
1886 1781 2050 1858 παρὰ
2077 1779 2160 1865 τῷ
2193 1781 2413 1867 ποιητῇ
2453 1784 2508 1843 Α
2526 1792 2583 1848 ·Ι·

742 1899 889 1969 392.
933 1877 1285 1970 ἐπεμαίετο]
1319 1882 1639 1960 ἔπλησσεν
1814 1892 1961 1968 395.
2009 1877 2359 1973 ἀνακλῖναι]
2394 1881 2787 1965 ἀνακαλύψαι

554 2005 627 2067 15
741 2005 889 2073 399.
935 1984 1126 2052 πάλιν
1153 1984 1331 2068 τρέπε
1359 1982 1500 2066 μηδ’
1521 1985 1595 2051 ἔα
1623 1985 1810 2065 ἀνι-ην
1833 1981 2153 2075 ἔρχεσθαι]
2191 1987 2257 2051 ἐκ
2287 1984 2692 2069 παραλλήλου
2719 1985 2792 2051 τὸ
2814 1985 2972 2052 αὐτό

740 2103 891 2172 405.
933 2084 1272 2178 μάρπτῃσι]
1308 2086 1628 2177 καταλάβῃ
1888 2107 2037 2175 423.
2083 2085 2285 2178 ἀδεές]
2318 2091 2531 2172 ἀφοβε

740 2213 893 2279 429.
937 2189 1091 2281 τόν]
1122 2199 1243 2257 τῶν
1270 2198 1514 2275 βροτῶν

740 2316 892 2384 434.
938 2292 1233 2385 κάπῃσιν]
1276 2296 1440 2379 παρα
1479 2302 1549 2360 τὸ
1584 2295 1679 2361 ἐπ’
1720 2295 1929 2364 αὐταῖς
1974 2244 2326 2378 ἱσταμένους
2369 2295 2508 2365 τοὺς
2542 2297 2765 2365 ἵππους
2811 2294 2969 2362 κάπ-

656 2426 803 2479 τειν,
833 2403 870 2465 ὅ
900 2401 1071 2468 ἐστιν
1102 2401 1335 2467 ἐσθίειν
1363 2405 1494 2464 A=

554 2527 632 2568 20
743 2517 893 2590 437.
937 2501 1154 2591 μίγδα]
1190 2501 1678 2587 ἀναμεμιγμένως
1952 2523 2103 2591 439.
2151 2500 2417 2592 ἐξίκετο]
2451 2503 2794 2586 κατέλαβεν

744 2627 894 2689 441.
941 2605 1383 2696 πετάσ<σ>ας]
1417 2607 1712 2676 ἀπλόσας
1972 2627 2118 2695 443.
2165 2605 2553 2697 πελεμίζετο]
2596 2612 2853 2676 ἐκινεῖτο

744 2731 895 2793 444.
943 2708 1165 2799 ἀμφίς]
1196 2712 1384 2796 χωρίς
1643 2729 1794 2796 449.
1841 2707 2071 2800 τοῖσιν]
2105 2714 2375 2778 οἷστισιν

743 2830 896 2899 450.
938 2814 977 2896 ἦ
1014 2820 1120 2879 τοῦ
1150 2814 1392 2882 πάντων
1419 2813 1695 2897 μείζονος
1734 2817 1877 2879 θεοῦ
1914 2814 2071 2899 χείρ,
2105 2816 2283 2896 φησί,
2316 2815 2645 2896 τηλικαύτη
2682 2814 2970 2900 ὑπάρχει,

660 2920 740 2989 ὥς
765 2923 918 3003 μηδὲ
946 2919 1065 2985 ὑπὸ
1095 2925 1215 2985 τῶν
1243 2923 1399 2986 θεόν
1428 2918 1724 2984 δύνασθαι
1755 2922 2283 3000 καταγωνισθῆναι
2315 2922 2449 2983 A=

558 3043 633 3104 25
746 3036 897 3111 453·
942 3020 1237 3110 μέρμερα]
1266 3023 1556 3106 μερίμνης
1587 3021 1731 3103 ἄξια

746 3142 893 3212 457.
943 3124 1372 3215 <ἐπέμυξαν>]
1402 3128 1703 3209 μεμυκόσι
1731 3131 1859 3194 τοῖς
1887 3128 2130 3211 χείλεσι
2158 3126 2506 3211 ἐγόγγυσαν

747 3246 898 3315 474.
942 3224 1160 3320 ναῦφι]
1192 3236 1325 3299 ταῖς
1355 3231 1573 3297 ναυσίν
1746 3245 1897 3315 479.
1944 3226 2248 3319 ’Ῑάπετος]
2281 3230 2529 3313 οὐρανία
2558 3229 2796 3308 κίνησις

946 3329 1206 3424 Κρόνος]
1240 3333 1433 3417 ἀστήρ

747 3439 898 3519 480.
947 3438 1343 3524 (Ὑπερίονος
1373 3434 1737 3525 Ἠελίοιο>]
1769 3435 1902 3517 ἦτοι
1942 3437 2038 3502 ὅτι
2076 3435 2429 3520 ’Τπερίονός
2466 3437 2602 3501 ἐστι
2648 3437 2747 3501 καὶ
2778 3436 2976 3504 Θείας

557 3566 639 3625 30
665 3548 825 3621 παῖς,
871 3542 952 3611 ὦς
992 3542 1287 3610 Ἡσίοδος
1332 3539 1601 3629 (Theog.
1635 3539 1809 3629 371),
1854 3538 1892 3621 ἦ
1937 3541 2202 3623 ὖπερίων
2243 3542 2278 3604 ὅ
2321 3539 2597 3623 ὑπεράνω
2640 3539 2813 3621 ῆμῦν
2860 3541 2974 3606 ἰὼν

666 3650 765 3714 καὶ
796 3652 1144 3730 περιπολῶν
1171 3651 1280 3711 τὸν
1310 3648 1558 3725 κόσμον·
1606 3647 1709 3710 διὰ
1737 3645 1948 3711 τούτου
1980 3647 2096 3728 γὰρ
2125 3643 2203 3709 τὰ
2232 3646 2352 3709 ὅλα
2382 3643 2708 3729 συνέχεται
2742 3647 2795 3708 A
2814 3658 2871 3715 -1-

749 3751 835 3832 48
840 3771 895 3837 3.
946 3745 1257 3839 κύντερον]
1289 3750 1727 3835 χαλεπόν-ερον

753 3873 900 3938 491.
950 3848 1220 3941 καθαρᾷ]
1253 3853 1418 3938 τόπῳ
1684 3849 1940 3939 νεκύων]
1980 3848 2016 3931 ἢ
2052 3852 2175 3916 ἀπό

753 3971 901 4042 503.
948 3951 1769 4045 δόρπα-ἐφοπλισόμεσθα]
1806 3961 2019 4021 δεῖπνα
2050 3952 2468 4037 ἑτοιμάσωμεν

560 4080 639 4141 35
754 4069 900 4143 505.
944 4059 1105 4141 βόας
1157 4059 1257 4125 καὶ
1306 4060 1447 4143 ἴφια
1494 4056 1692 4148 μῆλα]
1745 4057 2093 4142 μετάληψις
2153 4059 2187 4122 ὅ
2246 4059 2467 4140 τρόπος
2526 4057 2716 4122 ἐστίν.
2791 4057 2845 4142 ξ.
2899 4056 2972 4122 τὸ

596 4165 606 4173 ’
669 4169 703 4200 “
719 4161 915 4246 ἴφια”
972 4161 1238 4247 εὐτραφῆ
1289 4161 1327 4244 ἢ
1372 4166 1450 4228 τα
1492 4160 1735 4248 ἰσχυρά,
1790 4161 2074 4243 δηλονότι
2125 4164 2203 4227 τὰ
2262 4163 2775 4246 ίσχυροποιοῦντα
2834 4159 2977 4229 τοὺς

668 4268 1019 4351 ἀνθρόπους
1049 4271 1102 4332 A
1121 4301 1164 4321 n

754 4385 904 4460 513.
950 4367 1062 4459 ὥς]
1093 4370 1259 4440 ὅπως
1474 4366 1702 4457 βέλος]
1732 4373 1963 4451 τραῦμα
1983 4368 2048 4434 Α
2065 4380 2121 4440 -Ι-
2351 4362 2591 4458 πέσση]
2630 4366 2977 4455 θεραπεύσῃ

737 4548 814 4586 10.
847 4530 1360 4597 Σαμπφὼἲαμπφοῦς
1394 4536 1414 4594 ΙΙ
1456 4544 1532 4580 11.
1567 4528 1800 4581 Ἀττικὸν
1836 4536 1857 4593 ΙΙ
1895 4531 1976 4581 νῶι
2018 4536 2041 4593 fl
2081 4543 2156 4594 13.
2190 4528 2781 4594 προφανείσαςίιιῢοκὲιι
2815 4535 2973 4590 retal!

672 4602 748 4649 18.
784 4598 989 4648 ἐπὀοτί
1205 4599 1392 4656 utDfl
1429 4610 1504 4645 21
1540 4595 1939 4658 πολε’2μίζετη
1915 4612 1992 4663 29.
2027 4595 2770 4647 ΘείαςΒΕὴΜ.Ηοοίοὰιιι.
2805 4595 2972 4656 veiis-fl

668 4675 750 4723 30.
786 4599 2941 4727 tamAffgiMaaenutD!35-‹3rpbaeosoflr081‘mrpaffiufl&depo-*6001
