3298 5195
1156 346 1500 407 ιΛιΑΔοΣ
1548 342 1616 409 Ξ.
1666 339 1841 428 (14)
2516 334 2643 398 53⁷

435 517 581 600 781.
626 512 764 603 οἴω]
796 516 974 595 μόνοι
1211 491 1382 595 782.
1424 509 1807 600 τετυμμένοι]
1843 521 1884 549 “
1908 507 2264 591 τετρωμένοι
2281 505 2319 532 ”

436 635 583 705 793.
626 613 987 704 Ἀσκανίης]
1020 617 1201 684 πόλις
1233 616 1500 701 Φρυγίας

437 723 583 788 800.
630 718 943 810 ἀρηρότες]
976 720 1351 803 ἡρμοσμένοι

437 828 583 913 809.
626 830 825 907 μακρὰ
853 821 1211 913 βιβάσθων]
1245 823 1380 905 ἤτοι
1411 822 1659 908 μεγάλα
1686 821 2022 904 διαβαίνων
2049 820 2188 882 A—

437 933 585 1017 813.
631 930 671 1011 ἦ
702 924 845 1017 θην]
880 930 1066 995 οὕτως
2674 928 2723 1015 ’5

440 1035 584 1117 815.
628 1033 668 1114 ἦ
698 1028 795 1122 κε]
830 1034 1017 1100 ὄντως
1049 1058 1115 1098 κε
1377 1024 1761 1118 εὗναιομένη]
1792 1028 1831 1109 ἦ

641 1132 790 1224 ὖμῆ]
820 1136 857 1215 ἦ
889 1134 1141 1217 ὑμετέρα

440 1243 584 1327 837.
631 1235 812 1328 Διός]
852 1235 1088 1328 ἀ[έρ]ος

1459 1429 1535 1494 Ξ.

444 1578 499 1624 1.
547 1561 791 1642 σφόδρα
819 1556 1068 1624 συνετὸς
1098 1553 1410 1640 εἰσάγεται
1441 1556 1475 1619 ὁ
1504 1553 1766 1637 Νέστωρ
1806 1555 1892 1637 μὴ
1939 1556 2263 1637 νικόμενος
2306 1557 2423 1620 ὑπὸ
2464 1553 2654 1636 μέθης
2692 1594 2763 1635 10

351 1669 457 1727 τὸν
486 1665 788 1747 λογίσμον
814 1661 950 1730 Α-ὶ-

441 1762 766 1854 [έζήτηταα
800 1769 924 1830 πῶς
969 1765 1003 1827 ὅ
1047 1761 1306 1844 Νέστωρ
1350 1764 1453 1828 ἐπὶ
1497 1767 1793 1828 τοσοῦτον
1836 1765 1998 1829 πίνει
2043 1763 2274 1850 χρόνον
2318 1760 2650 1845 ἀρξάμενος

353 1869 474 1935 ἀπὸ
504 1875 624 1933 τῶν
651 1866 934 1952 ἐσχάτων
963 1869 1067 1945 τῆς
1095 1870 1168 1930 Λ.
1202 1868 1300 1931 καὶ
1324 1866 1558 1950 ῥητέον,
1591 1868 1687 1933 ὅτι
1732 1867 1802 1932 οὗ
1845 1872 2138 1932 τοσοῦτον
2164 1867 2391 1952 χρόνον
2422 1866 2646 1946 ἔπινεν,

352 1969 497 2036 ἀλλ’
519 1967 819 2058 Ὅμηρος]
860 1973 1010 2034 κατὰ
1039 1969 1424 2051 παρέκβασιν
1453 1971 1830 2054 ἀπαγγείλας
1874 1974 1981 2038 τὰς
2019 1969 2285 2053 πράξεις,
2314 1968 2648 2051 βουληθεὶς

354 2079 420 2140 δὲ
465 2077 567 2141 ἐπὶ
611 2081 718 2140 τὸν
760 2073 1049 2156 Νέστορα
1089 2073 1556 2157 (ἐπανελθεῖν),
1601 2074 1792 2141 πάλιν
1836 2074 1958 2140 ἀπὸ
1989 2074 2208 2147 ταύτης
2237 2077 2344 2155 τῆς
2379 2072 2656 2156 πράξεως
2694 2112 2767 2171 15

351 2177 595 2262 ἤρξατο,
627 2176 734 2260 ἀφ’
767 2177 966 2259 ἧσπερ
996 2177 1177 2242 αὐτὸν
1207 2177 1496 2245 κατέλιπε
1527 2184 1815 2244 ποιοῦντα
1841 2179 1983 2241 A:

612 2282 685 2347 τὸ
716 2286 752 2319 “
773 2279 941 2365 πέρ”
979 2279 1112 2347 ἀντὶ
1140 2286 1246 2361 τῆς
1276 2283 1394 2358 καί,
1423 2289 1458 2320 “
1481 2280 1737 2349 πίνοντά
1765 2307 1879 2365 περ
1911 2281 2147 2363 ἕμπης”

442 2400 502 2471 7.
547 2393 776 2469 βροτὸν
805 2380 1196 2474 αἱματόεντα]
1229 2386 1337 2451 τὸν
1362 2382 1746 2473 μῘολ]υσμὸν
1774 2390 1882 2451 τοῦ
1912 2387 2286 2468 ἀνθρωπείου
2320 2388 2571 2469 αἵματος

449 2510 474 2554 1
493 2511 543 2557 1.
574 2495 842 2557 πιθανῶς
865 2487 1045 2556 ὁνέος
1071 2491 1345 2570 εἰσῆκται
1369 2489 1737 2574 κεχρημένος
1760 2492 1832 2577 τῇ
1855 2492 2055 2578 χρυσῇ
2076 2490 2309 2556 ἀσπίδι·
2340 2491 2659 2572 προείρηκε

351 2596 469 2679 γὰρ
500 2596 534 2659 ὅ
563 2593 814 2674 ποιητὴς
838 2592 1024 2658 “ἀλλ’
1047 2589 1443 2680 ἑφομαρτεῖτῙ
1447 2620 1517 2660 ον
1535 2590 1664 2682 καὶ]
1699 2595 2050 2673 σπεύδετον,
2071 2594 2139 2659 αἵ
2164 2621 2232 2661 κε
2260 2591 2651 2684 λάῘβωμενΓ
2696 2636 2772 2678 20

353 2696 463 2785 (Il.
503 2698 562 2761 8.
603 2695 753 2784 191)
782 2696 920 2758 A=

450 2821 548 2887 13.
596 2804 712 2880 στῆ
743 2799 794 2865 δ’
826 2799 996 2866 ἐκτὸς
1033 2796 1305 2888 κλισίης]
1341 2801 1428 2867 εἷς
1455 2800 1704 2883 ὑψηλὸν
1731 2801 1847 2885 γὰρ
1877 2803 2064 2866 τόπον
2093 2801 2170 2882 ἦν
2198 2802 2235 2881 ἡ
2270 2800 2464 2881 σκηνή

448 2916 548 2985 15.
595 2905 731 2970 ἔστι
757 2905 919 2988 ῥῆμα
948 2904 1189 2985 ἑρίπτω,
1223 2902 1257 2968 ὃ
1289 2904 1572 2983 σημαίνει
1601 2910 1673 2968 τὸ
1710 2905 1930 2980 πίπτω,
1965 2909 1998 2943 “
2015 2904 2194 2987 ἤριπε
2223 2906 2295 2985 δ’,
2327 2905 2405 2973 ὥς
2436 2906 2540 2970 ὅτε
2568 2928 2662 2971 τις

356 3013 495 3091 δρῦς
509 3008 546 3034 ”
592 3004 703 3093 (ΙΙ.
742 3025 839 3091 13.
872 3004 1028 3094 389)
1073 3006 1173 3070 καὶ
1219 3013 1256 3043 “
1278 3008 1510 3072 ποσσὶν
1554 3007 1865 3090 ἑρίπτων”
1898 3007 2010 3096 (Il.
2046 3021 2144 3090 15.
2176 3007 2333 3096 356)
2380 3010 2514 3076 ἀντὶ
2558 3012 2664 3072 τοῦ

359 3111 791 3194 καταρρίπτων·
839 3110 909 3175 οὗ
938 3111 1169 3195 γίνεται
1195 3110 1526 3191 παθητικὸν
1548 3112 1868 3193 ἑρίπτομαι
1899 3112 2033 3178 ἀντὶ
2055 3118 2160 3176 τοῦ
2189 3111 2661 3193 καταβάλλομαι
2697 3150 2772 3208 25

357 3217 458 3282 καὶ
504 3215 754 3298 ἤριμμαι
807 3214 1138 3294 παθητικὸς
1182 3216 1616 3297 παρακείμενος
1676 3217 1777 3280 καὶ
1830 3215 2093 3299 ἠρίμμην
2137 3217 2661 3298 ὑπερσυντελικός,

355 3319 547 3403 ἥριψο
570 3319 805 3402 ἤριπτο,
830 3320 929 3385 καὶ
952 3318 1224 3387 Ἀττικὸς
1247 3317 2027 3402 διπλασιασμὸςρρήριπτο,
2052 3322 2151 3387 καὶ
2175 3322 2325 3386 κατὰ
2351 3321 2665 3405 συστολὴν

355 3426 392 3459 “
414 3423 691 3506 ἐρέριπτο
713 3422 752 3448 ”
783 3422 923 3484 A:

455 3528 553 3592 16.
602 3522 818 3614 κωφῷ]
848 3526 932 3607 μὴ
961 3525 1061 3591 ὑπ’
1094 3525 1311 3607 ἀνέμου
1343 3525 1704 3612 έγειρομένῳ

453 3645 548 3712 17.
595 3626 970 3720 ὀσσόμενον]
1003 3634 1423 3713 προσημαῖνον
1449 3629 1486 3710 ἢ
1518 3631 2014 3717 προσδεχόμενον
2043 3631 2179 3696 Α-
2698 3615 2777 3732 30

450 3750 548 3820 25.
594 3729 778 3822 λάκε]
811 3733 954 3819 ἤχει
1214 3730 1482 3821 ἀτειρής]
1519 3736 1554 3798 ὁ
1585 3736 2038 3818 ἀκαταπόνητος

447 3851 552 3926 35.
599 3838 679 3924 τῷ
707 3836 815 3927 ῥα]
848 3839 943 3904 διὸ
975 3837 1050 3918 δή

452 3939 959 4031 <προκρόσσας>]
1014 3940 1199 4008 οἱονεὶ
1247 3941 1777 4028 προκάρο<σ>σοι,
1822 3944 1984 4027 παρὰ
2044 3951 2116 4009 τὸ
2168 3943 2336 4030 κάρα,
2386 3947 2451 4011 αἱ
2511 3951 2664 4013 κατὰ

361 4046 639 4127 κεφαλὴν
689 4045 1137 4127 συντεθειμέναι
1200 4045 1383 4130 (καὶ)
1448 4048 1581 4113 οἶον
1639 4046 1749 4115 τὰς
1808 4050 2083 4131 κεφαλὰς
2143 4051 2242 4114 καὶ
2302 4052 2409 4119 τᾶς
2468 4053 2661 4136 ἀρχὰς

364 4151 400 4234 <
410 4147 716 4228 ἀλλήλαις
760 4150 1132 4233 ἑπιθεῖσαι>·
1218 4153 1317 4216 καὶ
1361 4158 1482 4216 τῶν
1524 4158 1747 4236 τειχῦν
1790 4154 1855 4217 αὶ
1915 4153 2184 4235 κεφαλαὶ
2232 4152 2332 4219 καὶ
2376 4157 2441 4219 αἱ
2486 4155 2665 4241 ἀρχαὶ
2697 4191 2777 4251 35

363 4251 623 4337 κροσσοί

433 4429 476 4465 ι.
499 4412 786 4478 τετρωμένοι
811 4414 888 4464 D:
913 4413 1192 4476 τετιωμένοι
1213 4416 1316 4481 legi
1340 4423 1362 4478 11
1391 4431 1468 4481 15.
1492 4418 1721 4482 nupplevi
1743 4436 1805 4468 ex
1827 4419 1888 4476 L,
1911 4419 2181 4479 μεταβῆναι
2205 4419 2257 4468 A
2283 4423 2306 4483 ΙΙ
2338 4416 2414 4468 16.
2438 4418 2666 4468 ποιοῦντα

365 4483 417 4532 Α
439 4482 516 4531 D:
539 4479 739 4531 πίνοντα
773 4483 793 4542 ΙΙ
834 4481 911 4531 18.
934 4482 1164 4546 mpplevi
1189 4498 1250 4532 ex
1275 4482 1324 4532 D
1359 4487 1380 4543 ΙΙ
1420 4496 1495 4532 22.
1518 4481 1580 4545 ἦν
1602 4484 1808 4548 scripti:
1845 4481 1955 4544 ἦτοι
1993 4490 2013 4543 u
2054 4497 2130 4546 23.
2167 4481 2342 4547 ἐρίπω
2364 4484 2496 4534 AD:
2522 4483 2665 4545 ἔριπῶ

365 4553 386 4608 ΙΙ
428 4562 502 4611 ²4
527 4546 704 4596 ποσσὶν
725 4548 806 4597 A:
840 4546 1013 4609 χερσὶν
1047 4551 1068 4608 ΙΙ
1106 4546 1277 4611 25—26.
1315 4545 2298 4611 ὃρείπομαι-ἥρειμμαι-ἡρείμμην-ἥρε
2382 4587 2397 4611 ,
2420 4549 2484 4601 of.
2509 4550 2612 4598 AD
2638 4555 2659 4610 ΙΙ

369 4625 444 4677 27.
479 4612 531 4663 δὲ
556 4620 669 4678 poet
691 4613 941 4674 συστολὴν
962 4614 1109 4662 omisi
1130 4619 1189 4662 ut
1210 4614 1313 4664 AD
1357 4619 1380 4674 ΙΙ
1428 4627 1507 4677 30.
1541 4615 1698 4664 verba
1730 4630 1833 4664 non
1854 4620 2005 4672 σοι-ιι.
2028 4615 2201 4679 σοι-ἱροί
2225 4631 2288 4666 ex
2408 4618 2430 4676 ll
2478 4628 2661 4681 33-35.

364 4681 595 4745 mpplevi
618 4695 680 4731 ex
702 4679 786 4729 Et.
814 4679 891 4729 M.
931 4683 954 4743 n
993 4690 1070 4741 35.
1106 4677 1259 4744 ἀρχαὶ
1282 4696 1344 4729 ex
1363 4680 1448 4730 Et.
1475 4680 1579 4729 M.:
1616 4677 1776 4743 μάχαι
