3298 5195
1165 354 1505 415 1A1AA02
1552 354 1626 416 N.
1674 347 1848 437 (13)
2274 324 2282 332 ’
2531 350 2661 415 533

447 537 570 605 431
583 569 598 584 .
629 521 835 603 ῥαίνω,
853 522 886 584 ὀ
906 520 1153 600 μέλλων
1169 522 1348 604 ρανῶ,
1368 522 1402 584 ὁ
1420 521 1854 603 παρακείμενος
1880 519 2253 604 ἔρρα<γ>κα,
2278 521 2311 584 ὅ
2330 520 2660 599 παθητικὸς

363 623 768 707 ἔρρα<μ>μαι,
828 626 861 687 ὁ
920 623 1427 707 ὑπερσυντελικὸς
1479 623 1885 708 ἐρράμ<μ>ην
1946 623 2203 707 ἔρρανσο
2265 624 2535 708 ἔρραντο,
2588 624 2658 689 τὸ

359 726 764 807 πληθυντικὸν
796 725 1234 811 ἐρράμ<μ>εθα
1263 728 1522 809 ἔρρασθε
1554 726 1914 809 ἐρραμμένοι
1945 726 2122 808 ἦσαν,
2157 728 2257 793 καὶ
2287 728 2358 794 τὸ
2386 726 2659 794 Ἰωνικὸν

357 828 665 912 ἐρράνατο,
697 832 796 896 καὶ
841 831 1032 919 τροπῇ
1078 836 1184 895 τοῦ
1214 833 1250 897 ὗ
1278 833 1366 898 είς
1395 817 1434 895 5
1460 836 1493 866 “
1514 829 1857 914 ἐρράδατο”

441 951 592 1013 444.
639 930 990 1023 κροσσάων]
1027 937 1127 999 διὰ
1157 941 1277 1000 τῶν
1306 932 1614 1015 κλιμάκων
1772 1006 1777 1013 ἶ
1865 936 2013 1014 446.
2062 931 2359 1023 πρυμνός]
2391 934 2659 1002 κάτωθεν
2687 952 2725 1014 5

441 1036 590 1115 448.
645 1034 910 1127 ἄμαξαν]
959 1040 1017 1104 οὶ
1060 1040 1172 1119 μὲν
1215 1038 1471 1105 παλαιοὶ
1513 1038 1714 1121 ψιλὴν
1757 1038 2120 1122 γράφουσιν,
2152 1038 2232 1107 ὥς
2276 1040 2397 1105 ἀπὸ
2439 1045 2548 1104 τοῦ
2582 1042 2660 1107 τὰ

356 1140 505 1222 πρὸς
549 1147 655 1206 τὸν
691 1142 920 1222 ἆμητὸν
958 1143 1149 1226 ἄγειν,
1177 1142 1350 1223 ἡμεῖς
1379 1143 1447 1207 δὲ
1485 1142 1803 1225 γράφομεν
1833 1148 2105 1219 δασεῖαν,
2137 1142 2217 1212 ὧς
2247 1143 2370 1209 ἀπὸ
2398 1148 2506 1207 τοῦ
2537 1142 2661 1223 ἄμα

354 1242 523 1326 ἔχειν
549 1250 658 1311 τὸν
687 1243 878 1324 ἄξονα

438 1362 586 1427 451.
634 1345 855 1436 πόκον]
891 1349 1052 1431 ἔριον
1310 1350 1461 1432 456.
1508 1346 1876 1439 ἐπημοιβοί]
1916 1348 2215 1430 ἀλλήλοις
2244 1352 2612 1431 ἐπικείμενοι

438 1451 588 1531 458.
640 1452 749 1536 (εὖ
773 1449 1074 1542 διαβάς>]
1100 1451 1232 1534 ἤτοι
1263 1455 1663 1519 διασκελίσας
1689 1450 1785 1518 καὶ
1815 1451 2049 1533 στήσας
2079 1458 2185 1519 τὸν
2207 1454 2317 1519 ἕνα
2346 1455 2507 1519 πόδα
2541 1457 2656 1520 ὦδε
2689 1476 2763 1517 10

352 1554 451 1618 καὶ
480 1554 588 1620 τὸν
618 1555 816 1620 ἄλλον
846 1558 972 1621 ἐκεῖ

436 1659 584 1735 462.
630 1655 812 1746 λῖιος]
844 1665 950 1724 τοῦ
1208 1652 1358 1744 463.
1404 1654 1678 1748 ὑπώπια]
1712 1658 1822 1742 τὴν
1853 1660 2169 1742 πρόσοψιν
2195 1658 2338 1722 A=

1461 1913 1540 1972 N.

436 2031 500 2091 4.
546 2010 988 2102 καθορώμενος]
1023 2015 1179 2096 ὁρῶν

434 2128 497 2197 5.
546 2114 941 2206 ἆγχεμάχων]
974 2124 1096 2184 τῶν
1125 2119 1191 2182 ἐκ
1221 2120 1328 2181 τοῦ
1360 2116 1654 2199 σύνεγγυς
1684 2115 2113 2195 πολεμούντων
2688 2150 2758 2211 15

443 2238 540 2286 10.
587 2222 779 2288 ἀλαὸς
821 2218 1116 2309 σκοπιήν]
1161 2221 1429 2302 ματαίαν
1472 2221 1583 2300 τὴν
1627 2218 2038 2299 κατασκοπήν·
2086 2219 2279 2285 ἀλαὸς
2330 2221 2446 2302 γᾶρ
2502 2220 2653 2284 κατὰ

352 2321 672 2389 διάλεκτον
703 2326 737 2391 ὁ
766 2326 1000 2408 τυφλός
1028 2324 1166 2388 A:

441 2441 539 2511 17.
590 2426 1159 2516 (παιπαλόεντος>]
1215 2428 1350 2508 ἥτοι
1394 2427 1733 2509 πετρώδους
1786 2427 1885 2490 καὶ
1931 2429 2219 2508 σκληροῦ·
2282 2427 2488 2491 παλὸν
2532 2426 2654 2510 γὰρ

349 2529 604 2615 λέγεται
644 2538 713 2595 τὸ
755 2530 955 2615 ξηρόν,
990 2534 1134 2597 ὅθεν
1176 2529 1274 2596 καὶ
1309 2531 1508 2597 παλὸς
1539 2532 1573 2594 ὁ
1603 2530 1822 2612 πηλός.
1885 2529 2084 2608 πηλὸς
2114 2532 2230 2612 γὰρ
2263 2530 2479 2612 κυρίως
2514 2530 2653 2594 τότε

345 2633 613 2715 λέγεται,
663 2637 815 2702 ὅταν
858 2638 1027 2702 ὕδατι
1081 2637 1330 2719 φυρθεὶς
1381 2640 1528 2720 χοῦς
1588 2632 1871 2721 ξηρανθῇ.
1949 2634 2151 2698 παλόν
2201 2635 2300 2697 τοί
2310 2631 2496 2724 [νυν],
2556 2633 2653 2700 καὶ
2684 2669 2758 2708 20

346 2741 499 2802 κατὰ
543 2740 1118 2819 ἆναὸιπλασιασμὸν
1158 2734 1524 2826 πάπα[λον],
1557 2740 1657 2804 καὶ
1703 2739 2072 2823 πλεονασμῷ
2106 2743 2212 2802 τοῦ
2255 2741 2279 2803 ἱ
2317 2740 2649 2815 παίπαλον,

346 2842 448 2905 καὶ
480 2844 834 2910 ἐπιθετικῶς
863 2849 1062 2927 χῶρος
1091 2844 1458 2908 παιπαλόεις

435 2946 534 3009 18.
583 2949 841 3028 κραιπνᾶ
898 2946 1084 3012 ποσὶν
1143 2945 1485 3030 προβιβάς]
1546 2947 1816 3027 ἐκθύμως
1875 2943 2104 3029 τρέχων
2163 2945 2263 3010 καὶ
2317 2945 2417 3010 διὰ
2474 2952 2649 3012 τοῦτο

343 3054 682 3114 πνευστιῶν

433 3171 533 3218 20.
580 3151 706 3235 τρὶς
734 3151 1107 3234 μέν’ὀρε’ξατ’
1143 3149 1279 3241 ίῶν]
1315 3155 1379 3217 ἐκ
1410 3153 1614 3237 τρίτου
1641 3153 1754 3233 μὲν
1784 3150 2046 3232 ἐξέτεινε
2078 3153 2391 3235 πορευθείς
2678 3186 2708 3226 2
2716 3185 2754 3245 5

583 3248 864 3339 ὀρέξατο]
891 3254 1174 3334 ὥρμησεν

441 3375 541 3440 23.
588 3352 930 3443 τιτύσκετο]
964 3356 1118 3419 τύκω
1149 3356 1346 3419 τύσκω
1380 3356 1477 3420 καὶ
1510 3358 1662 3419 κατὰ
1692 3357 2269 3435 ἀναδιπλασιασμὸν
2299 3356 2561 3421 τιτύσκω

431 3471 532 3540 25.
580 3456 842 3546 χρυσόν]
875 3462 1114 3543 χρυσῆν
1144 3458 1375 3538 στολήν
1636 3459 1775 3540 περὶ
1804 3455 1972 3545 χροΐ]
2009 3457 2147 3540 περὶ
2175 3461 2260 3543 τῷ
2294 3461 2530 3540 σώματι

427 3581 531 3647 33.
575 3562 860 3627 Τενέδοιο
892 3569 990 3626 καὶ
1012 3558 1300 3649 Ἴμβρου]
1334 3566 1513 3642 νῆσοι
1544 3562 1816 3642 πλησίον
1834 3565 1941 3641 τῆς
1955 3562 2180 3644 Τροίας
2206 3562 2553 3643 κείμεναιΑ
2576 3579 2637 3646 4·¹

426 3683 530 3750 39.
578 3662 863 3754 ἀολλέες]
898 3665 1017 3730 ἀπὸ
1048 3670 1154 3730 τοῦ
1174 3678 1218 3731 a
1245 3671 1351 3729 τοῦ
1382 3666 1787 3747 σημαίνοντος
1809 3671 1878 3729 τὸ
1911 3667 2060 3746 ὁμοῦ
2084 3666 2184 3730 καὶ
2206 3671 2313 3730 τοῦ
2339 3667 2641 3732 εἰλεῖσθαι
2671 3702 2750 3760 30

423 3791 527 3851 41.
575 3765 866 3858 ἄβρομοι]
901 3769 1302 3852 πολύβρομοι,
1332 3770 1636 3854 πολύηχοι
1669 3768 1725 3832 Β
1745 3783 1798 3838 4

425 3889 528 3958 45.
577 3869 846 3963 ἀτειρέα]
880 3874 992 3955 τὴν
1021 3875 1479 3954 ἄκαταπόνητον
1509 3894 1628 3938 reo.
1836 3873 1938 3953 48.
1983 3872 2162 3959 μηδέ]
2198 3873 2336 3959 οὗχί

423 3993 528 4062 51.
574 3973 851 4067 ἕξουσιν]
887 3978 1271 4045 κωλύσουσιν
1532 3991 1636 4062 53.
1685 3978 1722 4041 ὅ
1749 3971 1852 4065 γε]
1886 3977 2064 4045 αὐτός

422 4093 528 4162 55.
577 4078 810 4170 σφῶιν]
842 4084 982 4161 ὑμῖν
1242 4084 1347 4164 56.
1396 4078 1584 4169 αὐτό]
1617 4084 1768 4161 ὑμᾶς

425 4191 529 4262 59.
575 4176 921 4268 σκηπανίῳ]
954 4183 1036 4266 τῷ
1069 4181 1351 4266 σκήπτρῳ
1382 4179 1663 4250 A=B÷
2668 4219 2744 4277 35

424 4284 527 4345 60.
575 4280 895 4363 ἀμφοτέρω
929 4280 1225 4371 κεκοπῶς]
1259 4284 1637 4365 ἀμφοτέρους
1670 4282 1927 4366 κρούσας

408 4506 481 4554 18.
517 4502 674 4552 ταλὸν
694 4504 789 4552 W:
825 4501 1011 4551 maana
1068 4508 1088 4563 11
1150 4517 1227 4553 22.
1253 4503 1521 4553 ἐπιθετικῶς
1543 4504 1747 4569 scripsi:
1783 4504 1889 4553 ἐντὶ·
1909 4503 2043 4570 llll
2062 4503 2163 4569 legi
2224 4508 2244 4562 ΙΙ
2305 4516 2382 4565 30.
2415 4503 2449 4552 Ξ
2472 4502 2636 4554 vovet

336 4570 425 4628 τοῦ
447 4572 540 4620 εἱλ.
567 4570 633 4618 W
656 4586 718 4620 ex
740 4569 825 4618 Et.
851 4569 928 4618 M.
953 4584 965 4617 ε
999 4568 1150 4617 αὐτοῦ
1171 4573 1223 4618 et
1244 4567 1303 4617 τὸ
1362 4575 1382 4629 ΙΙ
1430 4569 1665 4618 ‘nervom
1688 4570 1773 4620 Et.
1800 4570 1906 4618 MA
1939 4568 2151 4619 ἑλεῖσθαι
2212 4575 2233 4629 ΙΙ
2293 4568 2372 4633 36.
2408 4568 2475 4618 od
2497 4586 2546 4620 v.
2568 4569 2635 4619 60

333 4633 523 4700 μένεος]
548 4635 910 4700 nuperum-ipae
931 4634 1137 4686 litterae
1163 4633 1465 4700 εῑμωοιμέους
1483 4650 1685 4700 prorm·
1705 4636 1928 4686 ineam
1949 4639 2071 4685 nunt
