3298 5195
654 319 782 385 546
1478 319 1818 380 ιΛιΑΔοΣ
1868 320 1927 378 12.
1973 311 2148 400 (17)

740 489 849 574 36.
892 480 1551 575 χήρωσαν-γυναῖκα]
1583 483 1780 570 χήραν
1812 487 2105 565 ἐποίησας
2134 486 2244 567 τὴν
2273 490 2528 569 γυναῖκα

743 605 845 679 37.
892 587 1142 681 ἀρητον]
1173 588 1212 671 ἢ
1242 589 1565 672 βλαβερὸν
1591 588 1630 671 ἦ
1663 586 1963 670 ἐπάρατον
1990 588 2054 652 Α
2074 624 2113 642 ·-·

741 715 848 781 39.
894 694 1157 778 ἐνείκας]
1185 694 1507 761 ἀπενείκας

740 818 849 879 40.
900 793 1306 887 <Φρόντιδι>]
1340 796 1488 880 πρὸς
1519 796 1990 878 ἀντιδιαστολὴν
2021 800 2127 861 τοῦ
2157 799 2408 880 φροντίς

588 920 626 983 5
740 916 851 986 52.
895 901 1283 986 ἐσφήκωντο]
1314 899 1680 983 ἐσφιγμένοι
1708 899 1870 980 ἦσαν
1898 898 2032 971 Α·Ι·
2310 914 2415 985 54.
2461 895 2584 990 ὅθ’]
2618 901 2772 966 ὅπου

741 1007 847 1090 58.
892 1000 1262 1094 ἐξέστρεψε]
1301 1003 1695 1087 ἐξερρίζωσεν
2440 1016 2450 1025 “

742 1122 849 1196 95.
895 1110 1318 1194 περιστείωσι]
1348 1108 1760 1192 περιστήκωσι
1792 1111 1909 1194 γάρ
1937 1109 2031 1190 ἦν,
2064 1109 2163 1174 καὶ
2200 1109 2485 1196 ἀποβολῇ
2523 1114 2629 1173 τοῦ
2660 1118 2693 1174 ἴε
2732 1113 2771 1145 “
2791 1134 2969 1191 περι-

654 1212 945 1295 στήωσι”

747 1329 893 1399 105.
944 1318 1185 1402 (κακῶν
1225 1317 1294 1383 δέ
1333 1342 1401 1383 κε
1440 1317 1742 1400 φέρτατον
1773 1313 1945 1405 εἵη>]
1990 1317 2056 1381 ἐκ
2094 1321 2214 1382 τῶν
2253 1323 2506 1383 πολλῶν
2543 1323 2742 1383 κακῶν
2780 1322 2967 1383 τοῦτο

551 1440 626 1483 10
656 1421 918 1504 ἄμεινον·
964 1422 1069 1486 δύο
1098 1424 1215 1506 γάρ
1246 1427 1444 1487 κακῶν
1480 1420 1888 1505 προκειμένων
1918 1427 1987 1485 τδ
2020 1422 2102 1501 μὴ
2134 1425 2342 1505 χεῖρον
2369 1420 2627 1502 βέλτιον
2648 1422 2709 1484 A
2728 1436 2782 1492 -Ι-

749 1543 893 1611 134.
938 1525 1099 1607 νήπι’
1132 1521 1371 1613 ἄγοντι]
1405 1526 1545 1592 τοὺς
1576 1526 1880 1606 σκύμνους
1911 1523 2328 1611 ἐπιφερομένῳ

750 1631 892 1714 136.
939 1625 1319 1718 ἐπισκύνιον]
1352 1628 1423 1693 τὸ
1451 1634 1558 1692 τοῦ
1589 1629 1919 1710 προσώπου
1949 1627 2136 1711 δέρμα
2157 1628 2219 1690 Α
2239 1662 2278 1680 -·

747 1744 889 1814 155.
935 1733 1006 1798 τὸ
1057 1733 1210 1816 θέμα
1257 1738 1374 1816 φῶ,
1422 1731 1623 1815 φήσω,
1669 1734 1703 1796 ὁ
1755 1733 2189 1814 παρακείμενος
2235 1731 2504 1814 πέφηκα,
2552 1733 2586 1796 ὁ
2629 1736 2970 1812 παθητικδς

654 1836 950 1919 πέφημαι,
1004 1836 1075 1900 τὸ
1126 1836 1404 1919 δεύτερον
1453 1834 1752 1918 πέφησαι,
1796 1836 1830 1898 ὅ
1872 1835 1999 1916 μετ’
2046 1836 2261 1920 ὀλίγον
2301 1835 2556 1918 μέλλων
2598 1835 2970 1917 πεφήσομαι

554 1955 626 2015 15
655 1940 909 2025 πεφήσῃ
942 1944 977 1975 “
997 1938 1344 2022 πεφήσεται
1363 1937 1396 1966 ”

749 2044 892 2125 156.
938 2038 1132 2131 ἐνείη]
1165 2044 1501 2127 ἐνυπῆρχεν
1767 2055 1912 2125 157.
1955 2036 2244 2130 ἄτρομον]
2280 2042 2528 2125 ἄφοβον

746 2149 891 2231 165.
940 2142 1334 2235 θεράποντες]
1367 2147 1600 2226 δηλαδὴ
1631 2151 1738 2211 τοῦ
1764 2145 2129 2230 Ἀχιλλέως.
2192 2147 2327 2211 ἔστι
2358 2147 2425 2211 δὲ
2452 2146 2800 2228 ὑπερβατόν

747 2251 895 2315 166.
940 2246 1320 2340 ἐτάλασσας]
1351 2249 1678 2332 ὑπέμεινας
1697 2249 1761 2313 Α
1779 2265 1832 2322 -ι-
2114 2250 2253 2316 180.
2300 2246 2402 2339 ἠέ]
2434 2252 2488 2316 εί
2518 2251 2636 2332 ἄρα

748 2374 892 2440 193.
936 2359 1012 2420 τὰ
1040 2352 1111 2443 ἅ]
1144 2355 1218 2419 τὰ
1248 2358 1373 2420 ἴδια

553 2474 629 2516 20
749 2471 891 2544 197.
937 2459 1147 2541 ὥσπερ
1175 2465 1246 2523 τὸ
1277 2455 1428 2526 στάς
1458 2456 1732 2533 στάντος,
1762 2459 1914 2522 οὕτω
1947 2460 2044 2524 καὶ
2075 2459 2147 2524 τδ
2176 2456 2472 2542 “ymnis'’
2501 2454 2797 2542 γηράντος

746 2579 892 2629 201.
939 2556 1328 2651 καταθύμιος]
1360 2561 1495 2643 ἤτοι
1525 2564 1612 2629 είς
1641 2567 1785 2627 νοῦν
1811 2563 2279 2644 λαμβανόμενος

746 2680 891 2752 205,
922 2666 984 2730 6.
1028 2666 1152 2731 ἀπὸ
1189 2666 1404 2749 κρατός
1434 2691 1501 2733 τε
1531 2667 1631 2733 καὶ
1663 2668 1840 2747 ὤμων
1871 2663 2066 2754 εἵλευ]
2100 2667 2362 2750 ἀφείλευ

745 2783 891 2854 207.
938 2765 1187 2858 ποινήν]
1220 2769 1487 2851 ἀμοιβήν
1506 2769 1647 2833 A=
1923 2770 2069 2836 218.
2114 2765 2471 2858 οἰωνιστήν]
2505 2776 2610 2835 τδν
2634 2766 2861 2852 μάντιν

749 2892 891 2943 220.
938 2869 1360 2962 περικτιόνων]
1392 2879 1513 2939 τῶν
1544 2873 2007 2956 περιοικούντων

552 2992 628 3052 25
748 2995 893 3045 221.
939 2977 1180 3057 πληθὺν
1209 2971 1550 3065 διζήμενος]
1584 2975 1857 3056 πλήθους
1887 2977 2170 3057 δεόμενος

747 3082 893 3149 226.
939 3077 1154 3168 λαούς]
1187 3080 1324 3149 τοὺς
1351 3080 1675 3164 ἡμετέρους
1938 3081 2083 3148 228.
2128 3081 2439 3165 ὀαριστύς]
2471 3079 2650 3162 ἀρετή

746 3202 891 3272 230.
941 3184 1071 3273 εἴξῃ
1102 3184 1168 3251 δέ
1193 3180 1282 3274 οἱ]
1316 3183 1691 3271 ἀποχωρήσῃ
1723 3185 1882 3269 αὐτῷ

746 3301 892 3371 250.
938 3285 1151 3376 δήμια]
1186 3292 1262 3352 τὰ
1298 3289 1563 3368 δημόσια
1825 3283 2263 3376 σημαίνουσιν]
2298 3288 2654 3353 κελεύουσιν

746 3406 887 3476 277.
933 3386 1216 3479 μίνυνθα]
1249 3392 1385 3457 οὐδὲ
1416 3393 1630 3476 ὀλίγον
1896 3391 1976 3457 28
1980 3407 2042 3475 5.
2085 3385 2548 3479 μετεισάμενος]
2580 3394 2905 3472 μετελθών

549 3513 629 3572 30
746 3510 892 3581 297.
936 3492 1155 3583 αύλόν]
1187 3492 1225 3576 ἢ
1256 3496 1368 3577 τὴν
1395 3493 1554 3575 ὀπήν

744 3619 893 3686 314.
939 3600 1205 3682 θώρηκος
1237 3598 1491 3683 γύαλον]
1526 3601 1677 3663 κατὰ
1707 3598 2080 3680 περίφρασιν
2108 3598 2216 3665 τὸν
2247 3599 2486 3680 θώρακα
2516 3619 2632 3665 rec.

744 3705 892 3790 338.
939 3703 1027 3768 ἔτι
1057 3702 1172 3787 γάρ
1196 3703 1315 3787 τις]
1346 3705 1427 3770 ὥς
1455 3728 1546 3770 τις

742 3820 893 3893 354.
939 3808 1161 3891 ἔρχατο
1192 3806 1413 3890 πάντη]
1441 3806 1577 3887 ἤτοι
1614 3804 2174 3891 περιπεφραγμένοι
2212 3804 2370 3887 ἦσαν

746 3926 896 3996 371.
940 3908 1160 3993 αἰθέρι]
1191 3912 1390 3995 αἰθρίᾳ
1421 3912 1670 3994 καθαρᾷ,
1702 3909 1833 3992 ἀέρι
1861 3909 2147 3995 ἀνεφέλῳ

548 4028 626 4089 35
742 4032 892 4103 373.
936 4017 1419 4097 μεταπαυόμενοι
1451 4018 1519 4080 δὲ
1548 4010 1848 4104 μάχοντο]
1883 4017 1948 4079 ἐκ
1978 4018 2267 4100 διαδοχῆς
2297 4017 2362 4080 δὲ
2394 4014 2737 4096 ἐπολέμουν

742 4140 890 4201 414.
937 4119 1017 4186 ὣς
1075 4118 1397 4200 ἠθοποιίαν
1449 4121 1707 4185 ἐνταῦθα
1752 4124 2014 4184 ποιεῖται
2072 4121 2106 4182 ὁ
2165 4119 2417 4200 ποιητὴς
2475 4118 2689 4202 λέγων,
2745 4120 2962 4189 ποίους

651 4229 877 4309 λόγους
909 4223 1070 4309 (ἂν)
1104 4223 1278 4289 εἶπον
1324 4226 1383 4288 οἱ
1418 4220 1729 4303 Ἕλληνες
1764 4224 2251 4309 ὑπερμαχοῦντες
2293 4228 2399 4288 τοῦ
2446 4225 2807 4306 Πατρόκλου
2855 4225 2961 4292 καὶ

652 4331 862 4397 ποίους
891 4331 951 4393 01
979 4332 1184 4410 Τρῶες

654 4537 1060 4664 34¹}dffl722‘a!
1094 4535 1439 4651 ἷξλὶηρμέτροω
1479 4543 1500 4596 ΙΙ
1543 4549 1619 4601 27-
1654 4536 1765 4601 “eu
1802 4544 1824 4599 n
1859 4537 2163 4601 ᾰποκωρύσα
2204 4545 2227 4603 u
2271 4542 2348 4591 ²8·
2384 4539 2589 4603 δημόσια
2612 4539 2692 4589 D:
2725 4537 2899 4601 δήμοιο
2937 4549 2961 4604 Ι
