3298 5195
615 300 730 364 xiv
1508 297 2037 363 PRAEFATIO.

1703 636 1817 709 ·Λ.

726 804 887 894 167.
940 830 1077 870 καπ
1112 788 1364 895 πεδίον]
1413 800 1471 868 εἷ
1522 800 1585 868 ἐν
1617 803 1719 888 τῷ
1747 798 1925 888 με’σῳ
1968 803 2091 869 τοῦ
2137 797 2361 869 πεδίου
2399 800 2437 870 ὁ
2484 798 2739 899 ἐρινεός,
2788 803 2922 875 πῶς

620 920 788 1013 φησι
828 926 867 956 “
887 913 1053 987 λαὸν
1101 914 1169 987 δὲ
1215 922 1472 997 στῆσον
1518 916 1681 1013 παρ’
1716 914 2010 1011 ἐρινεόν”
2046 916 2109 985 ἐν
2153 922 2243 1008 τῇ
2287 914 2349 988 Ζ
2386 915 2466 1014 (4
2475 939 2514 1008 3
2524 912 2642 1012 3);
2694 914 2922 1011 βραχὺ

616 1031 725 1104 οῦν
771 1032 1217 1104 διασταλτὲον
1262 1033 1371 1103 ἐπὶ
1415 1029 1501 1103 τὸ
1541 1042 1585 1073 “
1610 1029 1922 1103 πεὸιὀν·”
1976 1033 2039 1102 ἐν
2085 1032 2267 1122 με’σῳ
2302 1031 2440 1130 γὰρ
2475 1031 2668 1131 ἦν.τό
2713 1041 2918 1119 σῆμα,

614 1150 764 1222 ὅθεν
814 1150 918 1220 καὶ
968 1148 1414 1245 Ἀλέξανδρος
1462 1149 1711 1246 τοξεύει
1751 1146 1958 1247 (371)
1996 1149 2099 1220 καὶ
2140 1149 2420 1247 ’Έκτωρ
2460 1151 2755 1238 βουλεύει
2797 1146 2919 1249 (Il.

550 1286 587 1345 5
627 1289 733 1340 10.
775 1263 973 1364 414),
1010 1268 1047 1336 ὁ
1084 1265 1152 1337 δὲ
1181 1264 1416 1364 ἐρινεὸς
1450 1264 1636 1362 παρὰ
1671 1264 1757 1338 τὸ
1792 1276 2018 1362 τεῖχος
2051 1264 2269 1346 ΑΤ-Ι-

724 1404 884 1477 174.
942 1386 1031 1478 τῇ
1071 1383 1141 1456 δέ
1185 1387 1250 1455 τ’
1287 1381 1380 1481 ι’ᾗ]
1423 1387 1504 1461 ὡς
1545 1379 1684 1482 γὰρ
1731 1385 1768 1453 ὁ
1816 1383 1998 1467 λέων,
2051 1384 2242 1480 φησί,
2281 1385 2492 1481 φοβεῖ
2534 1382 2653 1466 μὲν
2699 1380 2921 1459 πάσας

612 1498 736 1578 τὰς
800 1502 982 1587 βοῦς,
1051 1501 1278 1572 κτείνει
1348 1499 1416 1571 δὲ
1481 1500 1602 1583 τὴν
1674 1501 1960 1582 πλησίον
2046 1500 2511 1597 εὖρισκομένην,
2574 1497 2745 1571 οὕτω
2813 1500 2919 1570 καὶ

608 1617 1051 1710 Ἀγαμέμνων
1109 1617 1324 1688 ἐδίωκε
1381 1617 1498 1701 μὲν
1548 1613 1830 1699 πάντας,
1892 1613 2105 1714 ἆνῇρει
2166 1615 2234 1687 δὲ
2292 1616 2364 1688 ὃν
2417 1614 2921 1704 κατελάμβανεν

612 1736 1041 1829 ὑστεροῦνται
1084 1732 1262 1807 T=.
1348 1730 1403 1833 ᾗ.
1464 1741 1499 1769 “
1525 1731 1865 1826 ἆμολγῷ”
1904 1732 1974 1805 δὲ
2023 1735 2118 1825 τῷ
2169 1736 2486 1831 ἑσπερινῷ
2533 1741 2649 1815 τῆς
2699 1730 2920 1810 νυκτὸς

515 1873 598 1955 10.
613 1855 833 1950 καιρῷ,
887 1852 951 1921 ἐν
1003 1848 1055 1943 ᾧ
1102 1852 1531 1944 ἆμέλγουσιν·
1570 1826 1759 1922 ’τότε
1813 1847 1953 1949 γὰρ
2008 1851 2045 1921 ὁ
2099 1850 2260 1921 λε’ων
2310 1859 2452 1926 τοῖς
2502 1847 2919 1948 τετράποσιν

611 1970 1054 2057 ἐπιβουλεύειν
1087 1970 1364 2060 λέγεται
1401 1965 1467 2039 A
1487 1984 1550 2048 -Ι-
1570 1966 1630 2040 Τ
1654 2002 1713 2028 -·-·-

725 2090 887 2159 181.
937 2081 1101 2181 τάχ’
1133 2082 1446 2183 ἔμελλον]
1496 2084 1574 2156 δι’
1612 2084 1858 2177 ὀλίγων
1905 2081 2230 2182 εὐφράνας
2275 2081 2395 2154 τὸν
2430 2084 2760 2178 ἀκροατὴν
2810 2084 2916 2156 ἐπὶ

612 2200 702 2274 τὰ
750 2199 1090 2273 συνεκτικὰ
1121 2203 1410 2298 ἔρχεται·
1473 2201 1568 2272 δεῖ
1612 2199 1751 2299 γὰρ
1792 2205 2223 2273 συνωθεῖσθαι
2269 2200 2422 2278 τοὺς
2468 2198 2788 2298 Ἀχαιοὺς
2834 2206 2919 2279 εἷς

610 2318 731 2401 τὴν
766 2316 990 2412 ἔξοδον
1028 2318 1439 2417 Πατρόκλου

515 2459 586 2518 15
726 2440 882 2528 184.
939 2431 1303 2534 στεροπήν]
1358 2437 1645 2534 ὄργανόν
1697 2468 1765 2507 τι
1818 2436 1911 2524 ἦν,
1961 2435 2129 2532 ὅπερ
2180 2431 2509 2506 τινάσσων
2562 2434 2918 2531 ἀστραπὰς

613 2554 817 2625 ἐποίει
854 2550 921 2626 Α
941 2569 1004 2634 -Ι-
1022 2551 1083 2626 Τ
1106 2587 1163 2613 =

726 2674 882 2763 187.
934 2672 1052 2754 μέν
1103 2703 1204 2742 κεν
1255 2666 1414 2769 ὁρᾷ]
1461 2667 1728 2764 &pmcn
1788 2671 2076 2768 περιέχει
2142 2671 2179 2741 ὁ
2232 2669 2464 2762 λόγος,
2517 2672 2597 2747 ὡς
2637 2670 2743 2741 καὶ
2795 2678 2919 2742 τοῦ

615 2792 767 2860 θεοῦ
835 2794 1304 2884 παραινοῦντος
1374 2793 1470 2878 τῷ
1547 2788 2062 2871 ἆπονενοημένως
2128 2786 2539 2858 κινδυνεύοντι
2621 2787 2917 2885 (ἀναχω-

609 2910 853 2999 ρῆσαι)
894 2903 1035 2977 T=

513 3046 589 3086 20
727 3045 888 3112 191.
941 3023 978 3105 ἢ
1027 3018 1383 3121 βλήμενος]
1437 3020 1842 3117 ἀξιοπίστως
1895 3019 2336 3122 ἐπιδιστάζων
2387 3022 2612 3121 φησίν·
2655 3019 2742 3094 τὸ
2778 3019 2914 3120 γὰρ

616 3135 857 3236 ὁρίζειν
891 3141 970 3216 ὡς
1008 3144 1423 3237 τρωθήσεται
1469 3142 1744 3217 λύοντος
1786 3138 1951 3230 (ἄν)
1993 3140 2065 3222 ἦν
2098 3137 2184 3210 τὸ
2230 3139 2483 3222 μέλλον
2524 3136 2912 3232 εἰσάγεσθαι

616 3253 831 3332 πάθος
866 3257 933 3326 ἐκ
966 3265 1084 3340 τῆς
1116 3264 1241 3328 τοῦ
1274 3256 1607 3345 βασιλέως
1642 3264 1906 3348 πληγῆς
1941 3253 2002 3326 Τ
2025 3289 2082 3314 =

727 3396 883 3466 192.
939 3371 1348 3470 ἐγγυαλίξω]
1388 3374 1493 3444 ἵνα
1534 3374 1622 3456 μὴ
1668 3375 2051 3460 λυπώμεθα,
2086 3374 2166 3448 ὡς
2210 3382 2353 3450 τοῖς
2388 3372 2658 3469 Τρωσὶν
2704 3377 2915 3457 ἡττω-

614 3490 812 3574 μένων
845 3496 976 3562 τῶν
1005 3489 1309 3586 Ἀχαιῶν
1346 3486 1527 3561 ἀλλὰ
1564 3489 1687 3560 Διί
1715 3488 1775 3562 Τ
1797 3523 1855 3549 =

514 3633 587 3692 25
729 3630 889 3700 194.
944 3605 1050 3690 ὃῦη
1097 3609 1157 3678 τ’
1219 3603 1463 3703 ἠέλιος]
1511 3608 1616 3677 ἵνα
1680 3606 1918 3685 εἰδότες
1968 3604 2089 3678 τὸν
2137 3603 2359 3706 καιρὸν
2407 3605 2776 3691 τῆς’ἦττης
2824 3607 2914 3692 μη

615 3726 867 3822 βαρέως
902 3725 1235 3808 ἆκοῦοιμεν
1270 3729 1399 3796 τῶν
1432 3724 1801 3817 λεγομένων
1833 3729 2037 3795 κακῶν
2069 3724 2220 3821 περὶ
2249 3723 2595 3808 Ἑλλήνων
2628 3723 2690 3798 Τ
2711 3759 2768 3784 =

728 3844 887 3931 198.
939 3837 1246 3937 ἵπποισι]
1295 3841 1444 3940 ὅρα,
1496 3841 1571 3913 τί
1617 3837 2212 3930 καταλαμβάνεται
2272 3838 2593 3940 πράττων
2650 3843 2688 3912 ὁ
2742 3837 2917 3938 βάρ-

615 3961 862 4057 βαρος·
927 3960 1197 4042 ἔστηκεν
1244 3955 1455 4058 ἀργὸς
1497 3957 1605 4029 ἐπὶ
1655 3963 1787 4030 τῶν
1828 3958 2159 4053 ἁρμάτων,
2194 3964 2364 4043 μήτε
2398 3962 2706 4043 πολεμῶν
2746 3962 2915 4042 μήτε

615 4077 1122 4170 ἐγκελευόμενος,
1161 4076 1197 4148 ὃ
1234 4078 1344 4147 οὐκ
1378 4073 1457 4146 ἂν
1477 4075 1748 4160 Ἕλλην
1781 4077 2082 4160 ἐποίησεν
2116 4075 2177 4148 Τ
2198 4111 2257 4136 =

509 4221 589 4278 30
721 4217 883 4268 201.
935 4189 1103 4292 τεῒν]
1133 4192 1220 4266 τὸ
1254 4194 1361 4265 τίν
1396 4194 1653 4292 Δωρικη
1703 4194 2085 4280 ἀντωνυμία,
2118 4192 2221 4264 καὶ
2258 4196 2662 4284 πλεονασμῷ
2692 4192 2760 4265 δὲ
2793 4199 2916 4264 τοῦ

614 4312 650 4383 ἓ
683 4312 926 4405 γέγονε
961 4321 1001 4352 “
1020 4310 1218 4384 τεΐν·”
1255 4308 1354 4382 διὸ
1390 4312 1768 4409 φυλακτέον
1799 4309 1922 4383 τὸν
1953 4312 2149 4383 τόνον
2183 4308 2249 4382 A
2269 4327 2332 4391 -Ι-
2352 4310 2412 4384 Τ
2434 4345 2491 4370 =

706 4523 795 4566 10.
823 4509 1132 4580 τετράποσιν
1160 4504 1356 4566 80111.;
1384 4507 1715 4581 τετραπόδοις
1735 4504 1799 4576 Τ,
1822 4508 2165 4578 τετράπουσιν
2212 4511 2234 4575 ΙΙ
2296 4508 2383 4576 18,
2421 4523 2511 4581 19.
2540 4503 2812 4582 supplevi
2841 4510 2912 4564 ut

614 4587 678 4646 in
703 4586 756 4647 Τ
804 4595 825 4658 ΙΙ
875 4605 970 4664 23.
1010 4589 1312 4664 ἐγγυαλῦξω
