3298 5195
1211 306 1552 367 ῐΛιΑΔοΣ
1599 305 1673 364 Α.
1719 299 1743 388 (
1774 302 1803 364 1
1829 300 1854 386 )
2544 300 2675 362 493

374 478 410 540 6
446 474 806 557 δειλός-ἐξ
830 475 901 540 οὗ
934 476 1034 540 καὶ
1069 474 1301 557 τρήρων
1337 472 1892 555 παρωνύμως-καὶ
1929 473 2083 554 μετὰ
2121 475 2228 535 τοῦ
2258 474 2610 552 στερητικοῦ
2639 479 2679 533 ἄ

375 582 631 664 ἆτρηρός
655 582 689 645 6
712 577 1029 664 δραστικὸς
1052 576 1149 643 καὶ
1175 578 1260 660 μὴ
1283 578 1505 654 δειλός,
1537 577 1638 641 καὶ
1666 577 1984 662 μεταβολῇ
2014 581 2122 640 τοῦ
2149 574 2188 639 ἆ
2220 576 2306 642 εἷς
2334 585 2368 638 ὅ
2401 575 2651 657 ὀτρηρός

463 684 611 771 326.
660 686 760 749 ἐπὶ
788 687 979 766 μῦθον
1007 682 1285 770 ἔτελλεν]
1318 678 1694 764 προσέταξεν
1726 681 1977 746 ἐκείνοις

465 788 612 875 338.
656 781 974 874 μάρτυροι]
1013 785 1294 851 Ἰωνικῶς

465 909 614 978 339.
658 891 810 973 πρός
835 887 934 977 τε]
969 889 1329 970 ἔμπροσθεν·
1376 888 1412 950 6
1441 888 1507 953 δὲ
1538 887 1878 968 σύνδεσμος
1907 883 2192 969 παρέλκει
2222 883 2507 952 Ἀττικῦς
2708 918 2746 978 5

466 1012 613 1080 342.
660 989 819 1082 θύει]
853 993 1155 1076 ἐνθουσιᾷ,
1183 990 1448 1072 μέμηνεν

464 1111 614 1184 345.
663 1099 848 1178 φίλος
895 1098 1010 1178 μὲν
1052 1097 1086 1159 6
1139 1093 1425 1179 συγγενή,
1474 1095 1710 1178 ἑταῖρος
1760 1094 1827 1160 δὲ
1870 1092 1904 1158 6
1960 1094 2361 1175 συμπολίτης,
2406 1094 2570 1174 παρὰ
2612 1090 2684 1156 τὸ

380 1201 518 1283 ἔτης
544 1200 578 1266 ὅ
610 1202 866 1281 πολίτης
896 1201 995 1265 καὶ
1024 1205 1094 1263 τὸ
1124 1199 1249 1281 &pm
1278 1197 1349 1261 τὸ
1378 1199 1614 1279 ἁρμόζω

466 1318 616 1392 347.
662 1301 775 1392 τό]
809 1306 869 1367 οὶ
899 1302 1148 1385 κήρυκες
1410 1319 1558 1387 349.
1604 1296 1803 1389 ἄφαρ]
1845 1299 2079 1386 ταχέως

465 1423 616 1494 351.
663 1407 945 1491 όρέγνυμι
975 1406 1074 1471 καὶ
1101 1404 1140 1485 ἡ
1170 1405 1401 1489 μετοχὴ
1433 1408 1468 1440 “
1489 1404 1738 1487 ὀρεγνύς
1760 1401 1792 1429 ”
2719 1434 2793 1475 10

465 1524 615 1597 553.
665 1504 1049 1597 ἐγγυαλίξω]
1082 1514 1153 1572 τὸ
1185 1510 1271 1576 εἶς
1302 1511 1375 1572 τὰ
1404 1512 1546 1591 γυῖα
1573 1506 1709 1587 ἤτοι
1740 1509 1828 1575 εἰς
1857 1507 1965 1573 τὰς
1991 1511 2203 1592 χεῖρας
2231 1507 2456 1575 τιθέναι

467 1617 617 1700 358.
663 1614 897 1697 Νηρεὺς
939 1612 976 1693 ἡ
1020 1612 1313 1677 θάλασσα
1355 1611 1606 1695 λέγεται
1651 1612 1773 1675 ἀπὸ
1812 1616 1918 1675 τοῦ
1948 1616 2190 1677 νεῖσθαι
2226 1611 2301 1677 δι’
2335 1612 2533 1692 αὐτῆς·
2581 1638 2687 1677 κα-

378 1725 562 1784 λοῢσι
592 1720 660 1784 δὲ
688 1717 794 1783 τὸν
815 1716 1026 1799 Νηρέα
1049 1716 1149 1781 καὶ
1172 1714 1379 1781 ’ἅλιον
1400 1713 1675 1798 γέροντα’
1701 1715 1802 1779 διὸ,
1831 1720 1901 1778 τὸ
1931 1714 2139 1796 ὥσπερ
2162 1717 2389 1781 πολιὰν
2411 1718 2690 1781 ἐπανθεῖν

379 1828 506 1890 τοῖς
550 1821 773 1902 κύμασι
813 1818 922 1886 τὸν
964 1820 1182 1902 ἀφρόν·
1230 1820 1326 1885 καὶ
1373 1821 1490 1902 γὰρ
1534 1818 1570 1898 ἡ
1614 1818 1923 1883 Λευκόθεα
1971 1816 2242 1884 τοιοῦτόν
2292 1844 2351 1883 τι
2402 1821 2688 1901 ἐμφαίνει

380 1922 674 2014 (Cornut.
704 1921 918 1988 Theol.
955 1942 1008 1986 e.
1050 1940 1131 2008 23
1177 1943 1238 2006 p.
1278 1940 1367 2000 44
1399 1919 1522 2007 L.).
1581 1917 1620 2001 ἢ
1677 1922 1775 1985 καὶ
1827 1921 1921 1986 ὅτι
1971 1919 2041 1984 τὸ
2085 1922 2242 2003 ὕδωρ
2294 1927 2531 2004 πρῶτον
2571 1929 2690 1988 τῶν
2718 1946 2792 2006 15

381 2033 593 2094 ἄλλων
624 2028 967 2113 στοιχείων,
997 2026 1077 2093 ὣς
1110 2023 1401 2106 ἐδόξασεν
1428 2025 1463 2086 ὅ
1494 2028 1713 2105 Θαλῆς

467 2146 617 2218 359.
665 2125 1088 2218 καρπαλίμως]
1143 2133 1208 2195 ἐν
1266 2127 1503 2209 κινήσει
1558 2130 1853 2209 κεφαλῆς,
1908 2128 2030 2192 ἀπὸ
2079 2131 2186 2192 τοῦ
2234 2127 2386 2212 κάρα
2439 2131 2538 2194 καὶ
2583 2136 2690 2195 τοῦ

382 2237 602 2302 πάλλω
631 2236 702 2302 τὸ
739 2240 881 2303 κινῶ

470 2343 619 2427 361.
664 2335 984 2428 ὀνόμαζεν]
1014 2337 1321 2424 Ἀχιλλέα
1352 2336 1656 2405 ἐκάλεσεν

468 2445 618 2530 363.
664 2439 928 2532 εἴδομεν]
959 2448 1212 2528 γνῶμεν·
1255 2441 1535 2509 Ἰωνικῦς
2722 2465 2798 2506 20

468 2549 617 2635 366.
666 2551 700 2614 6
744 2548 965 2632 τρόπος
1015 2549 1113 2613 καὶ
1165 2546 1433 2633 ὑπεροχὴ
1489 2546 1588 2612 καὶ
1639 2546 2003 2635 συνεκδοχή·
2048 2550 2318 2636 ὑπεροχὴ
2364 2546 2496 2631 μέν,
2541 2547 2691 2614 καθὸ

382 2653 494 2734 τὴν
516 2652 744 2734 Θήβην
761 2654 953 2734 μόνην
981 2650 1247 2733 ἐξέλαβε
1276 2651 1388 2732 τὴν
1413 2652 1715 2735 μεγίστην
1743 2654 1945 2734 πόλιν,
1968 2655 2308 2739 συνεκδοχῆ
2343 2653 2519 2738 (δέ),
2541 2651 2690 2719 καθὸ

385 2758 483 2823 καὶ
511 2758 621 2824 τᾶς
650 2757 850 2823 ἄλλας
879 2751 1262 2835 συνεδέξατο,
1281 2754 1391 2835 τὴν
1418 2758 1674 2837 Χρῦσαν
1695 2756 1799 2821 καῖ
1825 2755 1937 2836 τὴν
1964 2761 2197 2839 Βρῖσαν
2225 2755 2323 2823 καὶ
2351 2760 2460 2825 τᾶς
2487 2757 2690 2826 ἄλλας

664 2864 823 2942 τρεῖς
875 2857 944 2923 δέ
990 2861 1114 2923 εἶσι
1163 2862 1396 2939 Θῆβαι,
1434 2862 1732 2940 Καδμεῖαι
1777 2860 1842 2924 αἱ
1882 2862 2222 2941 Βοιωτικαί,
2262 2864 2327 2925 αὶ
2366 2861 2692 2945 Αίγύπτιαι

382 2963 447 3028 αἳ
467 2963 566 3029 καὶ
584 2963 993 3043 ἑκατόμπυλοι
1015 2963 1114 3027 καὶ
1136 2965 1198 3026 αἱ
1219 2960 1653 3040 Ὕποπλάκιαι,
1663 2962 1734 3028 τὸ
1751 2964 2089 3046 λεγόμενον
2106 2962 2537 3046 Ἀδραμύττιον
2551 2969 2604 3028 Α
2621 2981 2678 3040 -Ι-
2722 2985 2797 3042 25

473 3060 828 3153 Ἠετίωνος]
859 3070 966 3129 τοῦ
995 3071 1217 3147 πατρὸς
1248 3067 1353 3144 τῆς
1378 3063 1800 3149 Ἀνδρομάχης
1829 3069 1934 3147 τῆς
1962 3074 2245 3151 γυναικὸς
2273 3073 2380 3133 τοῦ
2400 3066 2693 3153 Ἕκτορος

472 3171 619 3255 369.
666 3173 730 3235 ἐκ
762 3167 818 3233 δ’
850 3163 1024 3257 ἔλον]
1059 3168 1139 3235 ὣς
1169 3167 1481 3250 ἐξαίρετόν
1508 3195 1566 3233 τι
1598 3169 1830 3236 ἔδωκαν

472 3276 620 3359 385.
670 3268 939 3361 ἑκάτοιο]
974 3271 1366 3339 Ἀπόλλωνος
1651 3273 1799 3359 388.
1845 3272 1880 3338 δ
1909 3270 2015 3363 δή]
2047 3274 2237 3352 ὅστις,
2271 3277 2570 3345 Αίολικῶς

470 3378 620 3462 389.
664 3371 806 3464 τήν]
837 3375 949 3456 τὴν
976 3376 1292 3459 Χρυσηίδα
1561 3394 1711 3461 390.
1757 3372 1999 3465 ἄνακτι]
2030 3377 2112 3463 τῷ
2142 3376 2499 3447 Ἀπόλλωνι

471 3498 619 3565 393.
663 3473 991 3566 περίσχεο]
1027 3479 1344 3561 περίσχου,
1375 3479 1711 3560 φρόντισον
1742 3483 1873 3543 A=
2723 3505 2801 3562 30

669 3581 925 3666 (ἐῆος>]
972 3582 1093 3646 ἀπὸ
1136 3587 1242 3646 τοῦ
1286 3583 1364 3646 ἔω
1406 3579 1674 3663 ῥήματος
1715 3588 1823 3647 τοῦ
1874 3584 2272 3664 σημαίνοντος
2321 3586 2392 3650 τὸ
2441 3587 2694 3675 ὑπάρχω

383 3688 575 3767 ὄνομα
622 3684 952 3771 ῥηματικὸν
992 3685 1464 3765 ἐΰς-σημαίνει
1507 3687 1573 3750 δὲ
1616 3686 1724 3753 τὸν
1767 3687 2166 3769 ἀγαθόν-ὦς
2206 3690 2333 3769 ἥδω
2383 3689 2542 3772 ἡδύς,
2599 3695 2697 3759 καὶ

381 3793 574 3878 τροπῇ
605 3795 711 3855 τοῦ
742 3800 772 3854 ἓ
804 3791 889 3857 εἷς
920 3792 958 3869 ἦ
988 3789 1093 3870 ἠύς
1123 3788 1263 3868 ἦέος
1295 3790 1392 3854 καὶ
1425 3791 1490 3854 ἐν
1516 3788 1845 3872 ὑπερθέσει
1873 3796 1981 3855 τοῦ
2010 3792 2040 3856 ἔ
2070 3793 2209 3873 ἐῆος

471 3911 617 3980 397.
663 3889 794 3981 ὅτε]
824 3893 1006 3974 ἡνίκα
1266 3894 1416 3972 406.
1465 3893 1720 3977 ἔδησαν]
1752 3894 1877 3959 Δία

469 3998 619 4077 408.
668 3993 759 4084 as]
796 3998 1073 4080 Δωρικόν
1329 4016 1481 4079 409.
1533 3998 1746 4082 ἔλσαι]
1783 3997 2140 4076 συνελάσαι,
2172 4009 2539 4086 συγκλεῖσαι
2725 4018 2803 4081 35

468 4121 618 4182 414.
662 4096 832 4187 alud]
864 4103 1046 4168 αίνῶς
1303 4114 1454 4183 425.
1500 4097 1836 4190 δωδεκάτῃ]
1867 4101 2064 4189 ἡμέρᾳ

468 4206 619 4284 426.
665 4199 791 4293 τοί]
823 4203 897 4284 δή
1072 4201 1186 4294 δῦ]
1220 4207 1499 4294 ἀποκοπῇ
1675 4225 1825 4292 433.
1873 4203 2070 4296 ἱστία]
2102 4211 2211 4276 τὸς
2243 4205 2585 4302 [όθ]όνα[ς]

468 4322 621 4394 435.
666 4303 885 4396 ὅρμον]
917 4308 1137 4390 λιμένα
1396 4310 1545 4395 436.
1595 4306 1799 4398 εὐνάς]
1832 4310 1942 4377 τὰς
1964 4311 2224 4395 ἀγκύρας

468 4431 619 4495 449.
664 4408 1032 4502 οὐλοχύτας]
1082 4415 1272 4494 ὄνομα
1315 4414 1596 4494 θηλυκόν·
1645 4414 1825 4479 οὐλαὶ
1871 4418 1936 4480 αἱ
1981 4416 2201 4499 κριθαί,
2231 4416 2391 4500 παρὰ
2421 4425 2491 4482 τὸ
2530 4419 2698 4498 ὅλον,

383 4518 463 4585 ὣς
493 4523 643 4599 πρὸς
671 4515 782 4585 τὰς
815 4518 1242 4599 ἆληλεσμένας
1273 4522 1382 4582 ΑΒ
1402 4533 1456 4590 -i-
2728 4554 2808 4607 40

451 4650 496 4702 7.
532 4654 600 4688 an
621 4635 855 4702 συνήθηςῖ
891 4643 912 4698 ΙΙ
954 4650 1042 4754 1δί
1062 4635 1281 4701 ἐμφαίνει
1299 4654 1382 4688 :-
1405 4644 1427 4699 ΙΙ
1468 4652 1546 4699 23.
1579 4639 1787 4703 βρῦσαν,
1811 4639 1876 4690 οῖ.
1902 4640 2241 4690 Wilunowitz
2262 4639 2399 4692 Phil.
2424 4642 2557 4694 Unt.
2580 4644 2693 4695 VII

384 4716 474 4768 411
520 4709 539 4762 ΙΙ
579 4718 657 4767 3²-
695 4702 771 4754 ἐὺς
795 4711 908 4769 pont
928 4705 960 4767 ἡ
1064 4704 1207 4753 omini
