3298 5195
1164 382 1507 442 ιΛιΑΔοΣ
1555 380 1627 441 Ε.
1673 377 1806 466 (5)
2506 370 2630 432 511

429 552 570 615 186.
607 547 946 640 εἰλυμένος]
981 548 1426 632 κεκαλυμμένος
1701 550 1846 629 187.
1885 543 2237 630 κιχήμενον]
2270 542 2639 623 κατειληφός

428 674 570 735 192.
619 657 938 740 ἐπιβαίην]
970 656 1089 739 ἐγώ
1358 664 1516 736 195:
1548 647 1915 737 πέπτανται]
1947 650 2264 730 ἥπλωνται

426 759 570 844 196.
618 756 868 847 ὀλύρας]
904 760 1061 826 εἶδος
1093 758 1415 841 κριθώδους
1446 762 1677 861 καρποῦ

426 881 572 929 200.
616 862 898 947 ἀρχεύειν
955 861 1268 945 Τρώεσσι]
1327 860 1462 940 ἤτοι
1517 865 1639 925 τῶν
1699 857 1955 924 Ζέλειαν
2005 858 2192 922 πόλιν
2248 854 2474 938 Τροίας
2548 853 2638 917 οῖ-

338 966 602 1032 κούντων
630 967 694 1029 Α
711 980 766 1038 -1-
1041 964 1352 1050 α’ρχεύειν]
1383 964 1670 1048 ἡγεῖσθαι
1699 983 1819 1027 roe.
2672 972 2708 1034 5

427 1088 572 1155 203.
619 1071 851 1153 ἀνδρῶν
882 1065 1238 1156 εἰλομένων]
1270 1069 1496 1152 Τρώων
1526 1066 2016 1150 συγκλειομένων

425 1175 573 1241 208.
619 1170 864 1262 ἤγειρα]
895 1173 1147 1256 ἠρέθισα
1411 1190 1559 1238 210.
1604 1166 1720 1259 τῷ]
1755 1171 1962 1256 ἐκείνῳ

430 1279 575 1345 218.
617 1277 754 1359 μηδ’
789 1281 973 1345 οὕτως
1003 1272 1280 1365 ἀγόρευε]
1314 1281 1600 1357 μηδαμῶς
1631 1276 1786 1340 οὕτω
1816 1273 1964 1358 λέγε
1993 1273 2134 1336 A=

431 1399 575 1460 224.
622 1377 905 1470 πόλινδε]
940 1384 1027 1448 εἰς
1062 1379 1173 1461 τήν
1196 1381 1333 1444 A=

431 1487 576 1551 226.
623 1480 1025 1573 σιγαλόεντα]
1057 1488 1133 1549 τᾶ
1164 1482 1494 1568 κατέχοντα
1522 1484 1663 1551 τοὺς
1691 1484 1910 1549 ἵππους
1957 1479 2055 1546 καὶ
2100 1483 2465 1560 ἐμποιοῦντα
2508 1478 2646 1545 τού-
2681 1493 2755 1535 10

341 1614 468 1656 τοις
501 1589 684 1674 σιγὴν
717 1591 814 1654 καὶ
844 1589 1097 1672 ἠρεμίαν
1363 1588 1505 1655 228.
1550 1583 1756 1676 τόνδε]
1788 1592 1895 1650 τὸν
1927 1584 2240 1665 Διομήδην

428 1711 575 1778 233.
619 1689 995 1781 ματήσετον]
1028 1693 1289 1772 ματαίαν
1319 1693 1515 1777 ἔχωσι
1545 1691 1657 1772 τὴν
1686 1690 2021 1774 προθυμίαν

432 1814 578 1882 234.
624 1793 795 1883 τεόν]
827 1803 935 1862 τδν
965 1798 1083 1862 σόν

433 1918 579 1978 240.
625 1896 1013 1988 έμμεμαῶτα]
1048 1898 1539 1982 προθυμούμενον
1567 1898 1706 1962 A=
1978 1894 2156 1986 ἔχον]
2188 1895 2456 1977 ἤλαυνον
2486 1895 2622 1959 A=

432 2005 576 2086 258.
610 2008 669 2071 εἴ
687 2002 743 2088 γ’
772 2004 879 2070 οὖν
903 2005 1105 2088 ἕτερός
1133 2030 1207 2089 γε
1239 2000 1539 2092 φύγῃσιν]
1566 2005 1622 2068 εἰ
1651 2000 1725 2083 δή
1755 2027 1848 2069 τις
1870 2001 2065 2066 αὐτῶν
2084 2000 2368 2089 διαφύγῃ,
2394 2006 2517 2068 τῶν
2544 2000 2650 2066 δύο
2683 2020 2756 2081 15

342 2128 465 2173 rec.
493 2107 557 2171 A
574 2121 629 2179 -1-

435 2214 582 2291 264.
628 2211 755 2291 μετ’
791 2208 1174 2300 ἑυκνημῖδας]
1209 2211 1358 2294 πρὸς
1386 2211 1527 2278 τούς
1557 2211 1696 2274 A=

433 2315 581 2399 265.
626 2320 732 2396 τῆς
760 2316 877 2399 γάρ
907 2341 1002 2381 τοι
1031 2312 1275 2404 γενεῆς]
1311 2317 1470 2381 εἰσὶν
1501 2316 1560 2379 οἶ
1590 2318 1770 2380 ἵπποι
2028 2310 2223 2403 Τρωί]
2255 2315 2340 2401 τῷ

436 2419 582 2484 266.
627 2416 874 2509 ποινήν]
909 2419 1268 2497 ἀντέκτισιν,
1297 2418 1526 2502 δωρεάν

439 2523 585 2605 267.
613 2524 711 2588 ὑπ’
731 2524 818 2605 ἠῶ
841 2524 897 2588 τ’
916 2524 1125 2605 ἠέλιόν
1141 2519 1237 2613 τε]
1258 2528 1750 2607 περιφραστικῶς
1765 2524 1882 2587 ύπδ
1899 2526 1970 2587 τδ
1988 2527 2122 2605 φῶς
2138 2528 2244 2587 τοῦ
2265 2523 2494 2604 κόσμου
2510 2521 2645 2585 A:
2685 2551 2760 2593 20

437 2642 583 2708 270.
628 2625 918 2717 γενέθλη]
952 2629 1132 2712 γέννα
1160 2649 1280 2693 ree.
1310 2630 1449 2691 A=
1595 2641 1745 2709 271.
1790 2623 2113 2716 ἀτίταλλε]
2148 2627 2478 2712 ἀνέτρεφεν
2505 2626 2645 2690 A=

439 2730 585 2813 276.
631 2727 766 2820 τόν]
802 2732 907 2797 τὸν
940 2731 1253 2812 Διομήδην

630 2835 937 2903 Λυκάονος
968 2835 1199 2919 ἀγλαὸς
1227 2831 1388 2924 υἱός]
1423 2837 1457 2899 ὁ
1487 2834 1808 2918 Πάνδαρος
2404 2873 2419 2880 -

438 2938 584 3021 287.
613 2938 917 3022 ἤμβροτες
936 2936 1059 3004 οὐδ’
1079 2935 1322 3027 ἔτυχες]
1347 2940 1829 3021 ἀντιφραστικῶς
1846 2937 2145 3023 ἀπέτυχες
2284 2935 2484 3028 σφῶι]
2506 2941 2658 3022 ὑμᾶς

438 3042 587 3126 289.
620 3039 800 3132 ἆσαι]
824 3042 1070 3124 κορέσαι
1089 3049 1410 3124 πληρῶσαι
1427 3063 1546 3107 ree.
1576 3042 1721 3106 A—
2689 3071 2718 3112 2
2727 3067 2763 3128 5

639 3143 1031 3235 ταλαύρινον]
1053 3147 1495 3228 ὖπομονητικόν
1522 3146 1586 3210 Α
1602 3163 1659 3220 4

439 3269 587 3336 291.
635 3250 911 3329 ζητεῖται,
946 3255 1069 3317 aas·
1112 3248 1450 3329 Διομήδους
1491 3250 1606 3331 μὲν
1636 3251 2065 3319 ἀκοντίσαντος
2099 3251 2304 3329 πεζοῦ,
2335 3250 2659 3336 Πανδάρου

350 3355 417 3420 δὲ
441 3354 562 3419 ἀπὸ
582 3353 861 3436 ἅρματος,
893 3354 1080 3421 οὕτως
1111 3355 1177 3417 ἐκ
1209 3358 1313 3417 τοῦ
1345 3354 1696 3435 κοιλοτέρου
1715 3357 2054 3437 φερόμενον
2075 3355 2145 3419 τὸ
2175 3355 2319 3437 δόρυ
2342 3358 2658 3440 κατωφερῆ

352 3459 646 3537 πεποίηκε
689 3458 799 3537 τὴν
828 3463 1072 3538 τρῶσιν·
1122 3457 1256 3521 ἔστι
1295 3459 1362 3521 δὲ
1405 3456 1631 3540 λέγειν,
1666 3459 1760 3524 ὅτι
1805 3464 2045 3540 πρῶτον
2085 3460 2200 3538 μὲν
2234 3458 2549 3544 (Ἀθηνᾶ)
2585 3459 2662 3542 ἦν

351 3556 390 3637 ἡ
424 3555 866 3622 κατευθύνουσα
897 3555 1063 3633 αὗτό,
1091 3553 1129 3642 ᾖ
1160 3555 1233 3635 ἦν
1262 3555 1519 3622 δυνατὸν
1549 3561 1726 3621 τοῦτο
1757 3560 2027 3636 ποιῆσαι,
2060 3557 2251 3623 ἔπειθ’
2285 3559 2378 3623 ὅτι
2409 3583 2660 3642 προεπι-
2689 3593 2767 3654 30

354 3661 574 3728 νεύσας
626 3662 660 3725 ὀ
705 3658 1023 3741 Πάνδαρος
1070 3659 1246 3724 ἕνεκα
1304 3665 1410 3724 τοῦ
1468 3658 1833 3739 θεάσασθαι,
1876 3663 1932 3726 εἰ
1990 3662 2233 3742 καιρίως
2286 3665 2573 3745 τέτρωται
2627 3666 2662 3728 ὁ

356 3763 681 3845 Διομήδης,
715 3764 900 3830 οὕτως
931 3761 1168 3845 ἐβλήθη
1216 3766 1315 3827 διὰ
1359 3765 1465 3841 τῆς
1507 3764 1673 3846 ῥινὸς
1716 3765 1829 3845 τὴν
1857 3769 2174 3847 γλῶσσαν·
2218 3765 2279 3829 οἱ
2324 3764 2409 3843 δέ,
2454 3767 2549 3830 ὅτι
2594 3770 2663 3832 ἐν

356 3866 696 3950 ἀνωμάλοις
723 3868 935 3934 τόποις
975 3865 1329 3950 μαχομένων
1359 3866 1517 3934 εῑκδς
1555 3866 1631 3932 τὰ
1668 3870 1782 3948 μὲν
1812 3867 2047 3949 ἅρματα
2077 3869 2145 3933 έν
2170 3869 2663 3953 χθαμαλωτέροις

355 3971 611 4054 τρέχειν,
651 3970 789 4038 τοὺς
834 3973 900 4036 δὲ
945 3970 1160 4050 πεζοὺς
1204 3969 1326 4035 ἀπὸ
1368 3971 1670 4051 μετεώρου
1711 3970 2020 4055 μάχεσθαι
2064 3972 2204 4034 A=
2273 3973 2329 4057 §s
2376 3973 2551 4055 ἔτεμε
2594 3974 2661 4039 δὲ

354 4075 467 4154 τὴν
496 4081 798 4156 γλῶσσαν
827 4074 1025 4151 αὐτοῦ,
1059 4075 1153 4140 ὄτι
1184 4075 1524 4154 έπιώρκησε
1556 4075 1658 4140 καὶ
1687 4075 1779 4138 ὅτι
1812 4072 1891 4139 δι’
1914 4075 2096 4154 αὐτῆς
2124 4077 2532 4162 έμεγαλαύχει
2688 4109 2767 4171 35

447 4179 593 4263 296.
641 4173 807 4266 αὖθι]
840 4175 943 4244 ἐπὶ
972 4178 1078 4242 τὸν
1108 4177 1289 4244 αὐτὸν
1318 4179 1509 4242 τόπον
1775 4177 1921 4264 298.
1967 4174 2057 4267 οἱ]
2090 4181 2272 4244 αὑτοῦ
2292 4181 2451 4251 A4-

448 4295 593 4359 299.
638 4273 810 4365 ἀλκί]
845 4276 965 4342 ἀπὸ
995 4277 1178 4359 ὀρθῆς
1206 4279 1312 4355 τῆς
1342 4276 1482 4357 ἀλξ,
1512 4276 1592 4346 ὦς
1627 4277 1905 4363 <πλακί>
1940 4279 2062 4345 ἀπὸ
2091 4282 2200 4359 τῆς
2229 4278 2401 4360 πλάξ

444 4399 591 4467 302.
637 4379 966 4466 χερμάδων
995 4379 1159 4460 λάβε
1189 4376 1385 4471 χειρί]
1416 4386 1799 4466 χειροπληθῆ
1829 4383 2008 4447 λίθον
2038 4403 2160 4446 ree.
2398 4417 2409 4428 ·

446 4486 596 4570 308.
642 4482 768 4551 ὦσε
797 4483 848 4549 δ’
881 4480 1032 4572 ἀπό]
1064 4484 1334 4565 ἀπέσυρε
1591 4481 1789 4574 ρινόν]
1823 4486 1894 4550 τὸ
1923 4482 2111 4569 δέρμα
2143 4487 2279 4550 A=

429 4617 506 4655 12.
540 4604 695 4667 ἔχωσι
719 4605 796 4655 D:
828 4599 959 4667 ἔχων
995 4609 1017 4663 ΙΙ
1059 4618 1131 4668 15·
1155 4603 1215 4666 δὴ
1238 4603 1409 4667 Αεμὴ
1444 4610 1466 4666 fl
1507 4618 1581 4655 21.
1614 4604 1878 4670 ἀνέτρεφεν
1901 4605 1982 4656 D:
2005 4603 2301 4668 ἀντέτρεφον
2382 4622 2457 4672 29.
2480 4605 2660 4670 τρὸσιν

356 4671 490 4723 AD:
516 4670 700 4720 πτῶσιν
724 4676 744 4731 ΙΙ
769 4670 997 4736 supplevi
1019 4687 1080 4721 ex
1102 4671 1206 4721 AD
1232 4675 1254 4731 ΙΙ
1281 4684 1451 4735 30,31.
1476 4669 1846 4734 προσεπινώσας
1869 4672 2046 4723 utAD
2070 4675 2091 4732 ΙΙ
2118 4684 2198 4735 31.
2220 4690 2302 4723 και
2429 4673 2662 4726 Anu-1

357 4735 428 4801 μὴ
466 4742 487 4797 ΙΙ
524 4749 601 4804 37.
626 4738 854 4830 καρρὶονί
877 4753 940 4788 ex
963 4737 1012 4787 D
1048 4741 1069 4798 ΙΙ
1107 4751 1184 4803 39.
1217 4735 1426 4802 ἀπέσυρε
1454 4737 1533 4790 D:
1569 4734 1773 4802 ὑπέσνρε
