3298 5195
664 334 795 395 548
1490 342 1831 401 ιΛιΑΔυΣ
1878 343 1944 403 Σ.
1991 336 2162 424 (18)

758 523 902 569 100.
951 507 1146 590 ἐμεῖο]
1182 513 1391 593 χεῖρας
1487 584 1494 591 ,

759 606 900 672 108.
947 606 1199 699 ἐφέηκε]
1232 613 1590 695 παρόρμηκε
1837 631 1975 695 109.
2022 614 2089 679 ὅς
2117 612 2212 695 τε]
2244 611 2278 674 ὁ
2307 613 2500 695 χόλος

757 729 901 775 110.
937 713 1119 796 (ἠύτε
1151 711 1453 802 καπνός>]
1488 715 1651 794 ζέσις
1679 717 1796 798 γᾶρ
1826 721 1931 779 τοῦ
1964 716 2100 796 περὶ
2131 716 2380 796 καρδίαν
2407 720 2661 795 αἵματος
2684 714 2766 797 (ὁ
2800 717 2998 794 θυμὸς

666 813 789 898 δι’)
826 814 1027 897 ὄρεξιν
1056 817 1514 897 ἀντιλυπήσεως
1542 817 1665 881 ΑΒ
1684 832 1737 887 -Ι-

603 942 638 1002 5
759 936 903 999 124.
950 920 1195 1005 ἐφείην]
1225 921 1636 1006 ἀναγκάσαιμι
1904 922 2046 1007 136.
2093 916 2333 1010 νεῦμαι]
2369 920 2698 1004 πορεύομαι

759 1023 903 1107 138.
949 1020 1167 1113 πάλιν]
1202 1027 1290 1094 εἰς
1319 1025 1590 1090 τούπίσω
1852 1024 2008 1109 υἷος]
2041 1026 2107 1090 ἐκ
2138 1030 2245 1089 τοῦ

758 1140 902 1208 147.
949 1124 1203 1217 ἐνείκαι]
1237 1131 1483 1210 κομίσω
1755 1131 1897 1211 176.
1942 1125 2002 1217 ἐ]
2036 1129 2234 1207 αὐτόν,
2266 1128 2371 1195 τὸν
2393 1126 2661 1210 Ἕκτορα

758 1229 902 1313 178.
947 1228 1173 1321 σέβας]
1208 1234 1393 1301 alode
1656 1228 1760 1321 σέ]
1796 1239 1909 1297 σοῦ

760 1335 900 1398 180.
945 1332 1363 1425 ᾐσχυμμένος]
1412 1337 1965 1421 καταισχυνόμενος
1999 1336 2070 1401 τὸ
2116 1339 2464 1419 πρόσωπον,
2495 1337 2577 1417 μὴ
2624 1336 2695 1399 τὸ
2742 1339 2989 1402 οἰκεῖον

566 1467 640 1507 ιο
667 1434 879 1523 σῴζων
908 1437 1137 1507 κάλλος

760 1539 904 1625 198.
952 1539 1171 1631 αὕτως]
1206 1546 1395 1611 οὕτως
1434 1545 1515 1611 ὦς
1545 1545 1710 1629 ἔχεις

755 1663 903 1724 204.
951 1643 1165 1734 ὤμοις]
1201 1649 1381 1713 αὐτοῦ
1641 1649 1877 1732 αἰγίδα]
1909 1651 2120 1731 φόβον

757 1762 902 1832 205.
949 1747 1167 1838 νέφος]
1201 1751 1271 1814 τὸ
1301 1754 1660 1833 σκυθρωπόν

757 1854 900 1919 206.
948 1856 1161 1937 φλόγα
1190 1850 1686 1942 παμφανόωσαν]
1716 1853 1790 1919 τὸ
1823 1861 2119 1937 φρικῶδες
2150 1856 2247 1920 καὶ
2280 1859 2556 1937 φοβερόν

568 1985 638 2046 ¹5
757 1955 904 2020 208.
952 1957 1091 2040 τήν]
1123 1959 1259 2040 περὶ
1288 1958 1366 2038 ἥν
1627 1953 1815 2047 δήιοι]
1848 1958 2133 2037 πολέμιοι

757 2078 903 2143 209.
949 2062 1013 2126 οἵ
1037 2057 1134 2149 τε]
1168 2064 1228 2125 οἰ
1258 2061 1701 2142 πολεμούμενοι
1936 2060 2264 2151 κρίνονται]
2299 2062 2720 2143 δοκιμάζονται

757 2181 904 2228 211.
948 2164 1199 2248 πυρσοί]
1231 2168 1289 2230 οἰ
1321 2165 1511 2247 φανοί
1540 2185 1661 2232 ree.

962 2268 1368 2355 (ἐπήτριμος)
1404 2267 1539 2348 ἤτοι
1570 2268 1796 2353 συχνὸς
1827 2270 1924 2333 καὶ
1956 2270 2561 2355 ἀλλεπάλ<λ>ηλος·
2615 2271 2829 2351 ὥσπερ
2860 2270 2990 2354 γὰρ

668 2371 738 2437 τὸ
768 2372 1099 2452 ἐπηετανός
1128 2371 1250 2437 ἀπὸ
1278 2377 1385 2435 τοῦ
1416 2373 1549 2439 ἔτος
1579 2373 1794 2438 ἐτανός
1840 2374 1938 2438 καὶ
1984 2375 2333 2454 ἐπηετανός,
2366 2375 2519 2438 οὕτω
2566 2374 2664 2438 καὶ
2705 2379 2779 2437 τὸ
2826 2373 2987 2454 ἐπή-

566 2510 642 2555 ⁸0
668 2500 874 2557 τριμος
917 2476 1038 2540 ἀπὸ
1085 2482 1191 2540 τοῦ
1238 2478 1407 2559 τρίον
1449 2481 1556 2540 τοῦ
1609 2477 2007 2556 σημαίνοντος
2050 2478 2119 2542 τὸ
2164 2479 2403 2544 πολλόν
2448 2479 2548 2542 καὶ
2590 2478 2744 2558 μετὰ
2790 2482 2993 2543 ταῦτα

669 2583 875 2664 τριμός
904 2580 1151 2663 ἥτριμος
1182 2579 1281 2647 καὶ
1317 2580 1642 2664 ἐπήτριμος

759 2703 904 2752 212.
952 2686 1219 2770 ἰδέσθαι]
1251 2688 1412 2751 ὥστε
1678 2705 1826 2772 213.
1874 2687 2113 2772 νηυσίν]
2150 2692 2282 2754 ταῖς

758 2808 905 2875 219·
949 2789 1202 2873 ἀριζήλη
1236 2786 1441 2879 φωνή]
1474 2790 1712 2875 μεγάλη
1743 2793 1977 2876 γίνεται

760 2912 906 2960 221.
954 2894 1205 2977 ἀριζήλη
1239 2891 1444 2982 φωνή]
1480 2894 1639 2977 ἄγαν
1670 2896 1924 2974 ἔκδηλος

568 3029 642 3089 ²5
761 3017 906 3084 223.
953 2995 1192 3086 ὀρίνθη]
1226 2998 1529 3083 ἐταράχθη
1800 3017 1942 3077 224.
1991 2999 2169 3083 ὄχεα]
2201 3000 2305 3063 ἐπί

761 3115 904 3185 245.
947 3102 1266 3185 μέδεσθαι]
1299 3103 1622 3184 φροντίσαι
1893 3103 2037 3183 256.
2086 3098 2279 3190 εἰμέν]
2316 3102 2502 3184 ἐσμέν

760 3204 908 3287 258.
950 3208 1218 3289 ῥηίτεροι
1249 3201 1631 3293 πολεμίζειν]
1668 3205 2317 3290 εὖκαταγωνιστότεροι

759 3323 907 3394 275.
951 3309 1169 3394 πύλαι]
1203 3314 1309 3376 νῦν
1339 3312 1414 3372 τᾶ
1452 3307 1899 3389 οἰκοδομήματα
2078 3310 2223 3391 278.
2270 3306 2382 3397 τῷ]
2417 3312 2498 3394 τῷ
2528 3308 2822 3393 Ἀχιλλεῖ

762 3413 907 3477 286.
953 3413 1278 3496 ἀλήμεναι]
1309 3414 1731 3494 συστραφῆναι

568 3557 645 3613 30
764 3517 905 3597 287.
952 3516 1257 3601 ἐελμένοι]
1289 3515 1829 3600 συγκεκλασμένοι

763 3638 909 3705 292.
954 3619 1302 3705 περνάμεν’]
1333 3618 1809 3702 πιπρασκέμεναι
2073 3617 2220 3710 ἵκει]
2253 3621 2508 3703 ἀφίκετο

764 3743 909 3809 294.
957 3721 1169 3812 ἔλσαι]
1205 3730 1568 3808 συγκλεῖσαι
1831 3743 1977 3809 300.
2029 3721 2285 3812 ἀνιάζει]
2319 3727 2557 3789 ἀνιᾶται

759 3846 909 3914 302.
954 3824 1104 3917 τῶν]
1137 3835 1259 3892 τῶν
1284 3828 1511 3910 Τρώων

762 3946 911 4016 317.
963 3931 1214 4015 (χεῖρας
1243 3931 1336 3996 ἐπ’
1364 3932 1778 4014 ἀνδροφόνους
1814 3931 2064 4012 θέμενος
2089 3931 2425 4012 στήθεσσιν
2450 3928 2761 4019 ἑταίρου>]
2796 3930 2835 4011 ἢ
2871 3937 2995 4002 τὰς

570 4077 646 4137 35
674 4040 882 4121 χεῖρας
912 4042 1020 4099 τοῦ
1051 4036 1412 4116 Πατρόκλου
1441 4036 1692 4116 θέμενος
1725 4038 1792 4100 ἐν
1821 4040 1948 4103 τοῖς
1981 4040 2193 4100 ἑαυτοῦ
2224 4034 2516 4115 στήθεσιν
2543 4035 2665 4097 ΑΒ
2685 4052 2737 4106 4—
2869 4058 2881 4071 ·

763 4159 912 4226 319.
961 4135 1393 4226 ἐλαφηβόλος]
1419 4139 1711 4222 θηρευτής
1972 4135 2246 4227 ἁρπάσῃ]
2273 4139 2394 4203 ἀπὸ
2422 4138 2638 4220 μέρους
2668 4140 2737 4203 τὸ
2767 4143 2897 4204 πᾶν

764 4263 910 4331 329.
957 4242 1169 4326 ἄμφω]
1202 4242 1579 4325 ἀμφοτέρους
1606 4243 1778 4323 ἡμῶν

961 4343 1232 4434 ἐρεῦσαι]
1267 4348 1518 4428 ἐρυθρὰν
1548 4347 1628 4430 τῷ
1662 4347 1870 4425 αἵματι
1900 4348 2152 4424 ποιῆσαι
2176 4346 2315 4408 A=

765 4463 914 4536 335.
962 4455 1100 4514 σοῖο
1132 4448 1391 4531 φονῆος]
1422 4453 1529 4512 τοῦ
1790 4449 1938 4535 338.
1986 4449 2213 4532 τόφρα]
2244 4448 2391 4516 τέως

747 4593 792 4640 3,
817 4595 864 4641 4.
896 4577 1124 4642 supplevi
1147 4593 1209 4626 ex
1234 4577 1329 4624 AB
1366 4580 1386 4635 ΙΙ
1424 4591 1472 4637 4,
1507 4574 1662 4638 ὄρεξιν
1684 4576 1790 4627 ἀντ.
1821 4582 2054 4640 separata.
2084 4577 2148 4626 ab
2177 4578 2624 4628 antecedentibus:
2661 4579 2900 4629 coniunxi
2927 4588 2993 4632 ut

679 4642 778 4691 AB
817 4652 837 4703 u
880 4653 926 4704 7.
956 4639 1145 4702 κομίσοι
1183 4646 1205 4699 ΙΙ
1238 4653 1314 4690 20.
1351 4638 1485 4701 τρίον
1506 4641 1711 4703 scripsi:
1745 4641 1862 4702 τρίω
1898 4647 1918 4699 ΙΙ
1959 4655 2036 4703 25.
2071 4640 2144 4690 ἔτι
2168 4649 2288 4691 ωηο
2310 4641 2390 4690 ἐπὶ
2412 4644 2559 4692 omisi
