3298 5195
646 344 776 407 508
1481 348 1828 408 ιΛιΑΔοΣ
1875 349 1955 407 Δ.
1999 340 2129 429 (4)

642 513 908 595 Ἀθηνᾶς
936 514 1074 601 νικᾷ
1102 519 1179 582 τᾶ
1211 515 1427 582 πάντα·
1472 514 1871 599 ὑποστρέφων
1899 516 1965 581 δὲ
1996 513 2371 594 πεντήκοντα
2399 516 2641 579 νεανίας
2684 511 2963 595 ἐνεδρεύ·

646 645 824 687 οντας
854 620 1036 685 αὐτὸν
1066 621 1406 701 συλλαβὸν
1434 619 1787 685 ἀπέκτεινεν
1818 619 1949 692 Α-ι-

731 738 882 809 379.
926 720 1254 812 λίσσοντο]
1286 724 1424 791 τοὺς
1454 724 1838 803 Μυκηναίους
2030 715 2407 808 ἐπικούρους]
2439 718 2573 800 ἤτοι
2603 721 2965 804 συμμαχίαν

734 828 880 913 384.
925 824 1121 916 Τυδῆ]
1152 827 1288 908 ἤτοι
1315 828 1423 894 τὸν
1450 827 1653 892 Τυδέα

583 941 621 1003 5
734 932 883 1016 387.
929 932 1069 998 οὐδὲ
1099 932 1296 1013 ξεῖνός
1325 957 1439 1014 περ
1471 927 1616 1020 ἐών]
1654 931 1868 1012 καίπερ
1897 928 2191 1010 πολέμιος
2220 926 2508 1011 ὑπάρχων
2537 948 2659 990 ree.

734 1055 885 1123 391.
931 1035 1206 1119 κέντορες
1234 1031 1466 1124 ἵππων]
1502 1037 1749 1102 ἱππικοί
1919 1052 2069 1120 394.
2114 1027 2477 1119 Αἱμονίδης]
2512 1030 2641 1098 υἱὸς
2672 1034 2944 1112 Αἴμονος

730 1158 882 1219 404.
928 1139 1133 1223 σάφα]
1163 1141 1432 1223 ἀκριβῶς

729 1262 878 1322 412.
928 1239 1132 1332 τέττα]
1166 1244 1606 1327 προσφώνησις
1634 1241 1911 1325 τιμητικῆ
1944 1239 2236 1323 νεωτέρου
2279 1240 2469 1321 φίλου
2497 1236 2647 1320 πρὸς
2688 1238 2961 1302 παλαιό·

643 1372 817 1431 τερον
2077 1378 2086 1386 ·

545 1466 619 1511 10
730 1468 881 1530 421.
926 1448 1073 1541 ὖπό]
1106 1452 1208 1536 ὑφ’
1242 1453 1313 1519 οὗ
1342 1452 1497 1538 ἤχου
1527 1456 1631 1518 καί

729 1573 881 1634 424.
931 1552 1322 1645 κορύσσεται]
1358 1562 1725 1640 κορυφοῦται
1754 1554 1999 1635 αὔξεται

728 1670 879 1741 425.
925 1656 1139 1749 ἄκρας]
1176 1660 1308 1740 ἤτοι
1337 1663 1413 1724 τᾶ
1441 1661 1743 1742 ἀκρότατα

728 1782 879 1848 431.
927 1761 1335 1853 σημάντορας]
1369 1764 1506 1831 τοὺς
1534 1764 1837 1847 ἡγεμόνας

729 1877 881 1952 435.
923 1864 1275 1956 μεμακυῖαι]
1306 1867 1673 1949 μηκῶμεναι·
1711 1867 1871 1949 μηκὴ
1902 1865 2017 1950 γάρ
2048 1866 2221 1931 ἐστιν
2249 1868 2439 1950 αἰγῶν
2465 1865 2589 1948 βοή
2624 1865 2757 1929 Α·-

542 1988 616 2049 15
727 1988 878 2055 439.
921 1971 1062 2039 τοὺς
1087 1970 1425 2054 μέν-τοὺς
1453 1967 1550 2060 δέ]
1580 1970 1721 2039 τοὺς
1744 1970 2182 2053 Τρῶας-τοὺς
2202 1968 2518 2050 Ἕλληνας
2924 2016 2933 2022 ,

727 2094 878 2154 440.
923 2072 1176 2164 ἄμοτον]
1210 2075 1447 2156 ἀμότως
1475 2075 1861 2156 ἀπληρῶτως,
1890 2074 1998 2156 ἀφ’
2030 2075 2100 2138 οὗ
2131 2075 2230 2138 καὶ
2271 2073 2428 2155 μοτά
2455 2074 2530 2138 τὰ
2560 2073 2956 2155 ἐπιτιθέμενα

639 2184 767 2246 τοῖς
798 2181 1027 2246 κοίλοις
1057 2179 1390 2261 τραύμασιν
1418 2180 1631 2244 ὀθόνια
1660 2178 1809 2262 πρὸς
1839 2176 2273 2261 ἀναπλήρωσιν
2301 2182 2409 2258 τῆς
2439 2179 2665 2261 σαρκός
2691 2178 2831 2241 A=

725 2302 876 2362 444.
916 2277 1161 2370 μέσσῳ]
1192 2280 1419 2365 μεταξὺ
1445 2283 1673 2365 Τρώων
1705 2282 1803 2347 καὶ
1829 2280 2153 2361 Ἑλλήνων

724 2399 875 2467 447.
916 2386 1144 2470 ῥινούς]
1172 2386 1426 2467 βύρσας,
1456 2388 1565 2453 τὰς
1594 2387 1859 2453 ἀσπίδας
2045 2403 2201 2466 449.
2233 2380 2529 2474 ἔπληντο]
2563 2387 2948 2466 ἐπλησίαζον

535 2512 612 2554 20
725 2503 875 2573 457.
919 2484 1312 2577 Ἀντίλοχος]
1345 2491 1380 2554 ὁ
1408 2490 1537 2556 υἱὸς
1565 2494 1672 2552 τοῦ
1700 2488 2012 2572 Νέστορος

923 2589 1093 2683 ἕλεν]
1129 2595 1466 2677 ἐφόνευσεν
1768 2601 1895 2662 πῶς
1928 2596 2078 2663 Αἴας
2106 2591 2144 2675 ἢ
2179 2593 2486 2677 Διομήδης
2508 2595 2613 2660 οὐκ
2638 2596 2947 2679 ἀριστεύει

641 2706 905 2783 πρῶτοςς
936 2702 1043 2766 καί
1067 2708 1280 2783 φασιν,
1314 2701 1409 2766 ὅτι
1439 2700 1665 2765 Πύλιοι
1700 2705 1926 2783 πρῶτοι
1956 2697 2402 2782 συνέρρηξαν,ἢ
2435 2701 2547 2779 ὅτι,
2571 2699 2705 2766 ἐπεὶ
2733 2703 2767 2765 ὁ
2794 2699 2944 2767 Ἀν-

639 2807 891 2890 τίλοχος
909 2806 1165 2888 ἄλκιμός
1187 2830 1254 2871 τε
1277 2805 1376 2869 καὶ
1399 2802 1585 2888 ταχὺς
1605 2803 2228 2887 ὕπόκειται,<είκότως
2253 2805 2351 2868 καὶ
2373 2805 2622 2885 φονεύει
2637 2805 2943 2890 πρῶτος).

640 2909 775 2990 ἐμοὶ
819 2911 886 2976 δὲ
939 2916 1107 2976 δοκεῖ
1148 2910 1250 2975 ἀπ’
1305 2906 1655 2974 ἐλάσσονον
1703 2904 1989 2996 ἥρῘχθαι]
2037 2908 2143 2973 τὸν
2186 2908 2445 2989 ποιητὴν
2488 2908 2558 2972 τὸ
2602 2912 2708 2988 τῆς
2750 2908 2942 2993 τύχης

534 3034 609 3095 25
639 3015 1071 3095 αῖνισσόμενον
1102 3010 1378 3102 κρῘάτος]
1411 3011 1549 3077 A:

722 3119 871 3200 458.
917 3115 1345 3207 Θαλυσιάδην]
1380 3119 1702 3183 Θαλυσίου
1730 3122 1917 3182 παῖδα

722 3224 872 3301 464.
916 3221 1265 3307 Ἀβάντων]
1296 3227 1416 3286 τῶν
1451 3220 1740 3303 Εὐβοέων
2924 3267 2933 3272 -

722 3330 872 3410 465.
915 3322 1305 3415 λελιημένος]
1339 3326 1825 3409 προθυμούμενος
2061 3327 2212 3406 466.
2252 3322 2537 3415 μίνυνθα]
2571 3325 2667 3393 ἐπ’
2696 3328 2921 3411 ὀλίγον

721 3432 872 3512 468.
916 3427 1019 3520 τά]
1054 3431 1232 3498 ἅτινα
1489 3445 1640 3513 472.
1686 3426 2109 3519 ἐδνοπάλιζεν]
2143 3432 2435 3513 ἐφόνευεν

530 3562 609 3621 30
723 3537 873 3621 483.
905 3529 1183 3623 εἱαμενῇ]
1208 3532 1344 3623 ἦγῇ
1365 3533 1883 3622 καταλελειμμένῃ
1908 3536 2223 3620 ἀδεσπότῳ
2246 3532 2284 3615 ἢ
2310 3535 2578 3622 καθύδρῳ
2589 3537 2753 3622 τόπῳ
2784 3534 2848 3601 Α
2864 3553 2925 3611 ÷

719 3641 870 3720 484.
917 3638 1067 3721 ἀτάρ
1099 3664 1162 3704 τε
1194 3637 1437 3703 οῑ-ἐπ’
1469 3635 1797 3727 ἀκροτάτῃ]
1830 3637 2011 3717 αὖτῆς
2041 3641 2271 3727 κορυφῇ

915 3738 1254 3831 πεφύασιν]
1289 3743 1422 3807 ἀντὶ
1453 3748 1558 3806 τοῦ
1585 3747 2092 3824 βεβλαστηκότες
2122 3747 2280 3809 εἰσίν

717 3848 868 3929 487·
914 3844 1627 3929 ἀζομένη1ξηραινομένη

717 3949 867 4031 488.
913 3946 1285 4037 ἐξενάριξεν]
1319 3951 1693 4020 ἐσκύλευσεν
1721 3975 1835 4019 rec.

525 4081 604 4144 35
718 4072 868 4138 492.
913 4050 1238 4143 βουβῶνα]
1270 4055 1376 4121 τὸν
1405 4058 1543 4140 περὶ
1571 4059 1683 4140 τὴν
1709 4058 1973 4143 γαστέρα
2001 4062 2191 4125 τόπον

909 4154 1199 4247 ἑτέρωσε]
1234 4161 1321 4227 εἰς
1353 4161 1558 4244 ἕτερον
1583 4161 1766 4244 μέρος

715 4282 867 4349 493.
912 4262 1091 4345 ἤριπε
1120 4267 1174 4328 δ’
1205 4264 1355 4346 ἀμφ’
1388 4260 1574 4353 αὐτῷ]
1608 4266 1796 4332 ἔπεσε
1826 4268 1962 4354 περὶ
1993 4269 2180 4354 νεκρῷ

613 4401 624 4412 ·
716 4386 865 4450 494.
910 4363 1046 4454 τοῦ]
1081 4370 1188 4431 τοῦ
1223 4369 1476 4434 Αἴαντος

716 4487 868 4555 497.
915 4469 977 4559 ἕ]
1013 4472 1227 4537 ἔαυτόν
1488 4472 1838 4565 κεκάδοντο]
1873 4478 2136 4562 ἔφευγον

617 4685 645 4702 .,
700 4638 742 4671 2.
767 4623 1042 4676 συλλαβεῖν
1062 4624 1167 4673 AD
1213 4629 1236 4684 ΙΙ
1287 4637 1363 4687 15.
1395 4625 1632 4689 adpinxit
1664 4644 1760 4680 sec.
1785 4629 2017 4695 figuram,
2040 4648 2142 4695 qua
2172 4630 2235 4682 τὸ
2267 4633 2367 4683 τῶν
2386 4633 2644 4700 βαρβάρων
2664 4638 2940 4703 θορυβῶδο

629 4688 933 4738 unlustntur
968 4695 989 4748 Ιι
1029 4702 1105 4749 ²3·
1133 4690 1361 4753 supplevi
1383 4707 1444 4740 ex
1467 4692 1569 4740 AD
