3298 5195
684 368 817 430 498
1517 369 1859 429 ιΛιΑΔοΣ
1908 370 1973 428 Β.
2021 364 2150 451 (2)

781 550 925 619 175.
985 542 1227 618 κληῗδες
1291 538 1357 603 αἰ
1431 536 1716 619 καθέδραι
1775 538 1939 619 παρὰ
1996 542 2067 600 τὸ
2129 537 2356 619 ἐγκλᾶν
2414 532 2513 599 καὶ
2573 532 2869 616 κάμπτειν
2919 533 2999 598 τὰ

688 642 935 724 γόνατα,
966 640 1099 720 ἤτοι
1130 643 1290 724 παρὰ
1320 641 1432 722 τὴν
1463 640 1688 706 κλάσιν
1719 646 1837 705 τῶν
1864 637 2142 723 γονάτων

783 742 925 830 183.
965 740 1365 833 ἀπδωβάλε]
1413 744 1762 810 ἀπεδύσατο

970 851 1071 914 διᾶ
1113 850 1184 914 τὸ
1225 849 1309 931 μὴ
1357 849 1788 930 ἐμποδίζεσθαι
1830 846 2011 914 αὐτὸν
2055 847 2393 911 σπεύδοντα
2432 845 2550 910 ὑπὸ
2587 849 2694 910 τοῦ
2723 842 3000 924 πλήθους

627 968 663 1029 5
690 957 811 1019 τῶν
842 953 1093 1034 ἱματίων
1120 952 1179 1016 Α
1196 981 1261 1010 =
2302 976 2307 981 ·

971 1053 1333 1145 ἐκόμισσεν]
1370 1057 1607 1138 ἔλαβεν

783 1178 927 1244 190.
972 1156 1273 1249 δαιμόνιε]
1299 1160 1335 1240 ἦ
1361 1158 1532 1240 λέξις
1552 1166 1675 1226 τῶν
1701 1160 1910 1241 μέσων
1936 1161 2089 1238 ἐστί,
2113 1161 2260 1224 ποτε
2287 1160 2400 1239 μὲν
2419 1160 2520 1224 ἐπὶ
2552 1158 2779 1243 ἐπαίνῳ
2809 1163 2996 1238 λεγο-

688 1260 859 1344 μένη,
890 1264 1023 1329 οἷον
1063 1267 1190 1330 θεῖε
1225 1263 1480 1347 μακάριε
1520 1263 1791 1347 μέγιστε,
1822 1266 1924 1329 ὁτὲ
1965 1264 2063 1329 καὶ
2107 1262 2209 1329 ἐπὶ
2247 1264 2449 1349 ψόγῳ,
2490 1265 2624 1328 οἷον
2658 1263 2850 1345 ἅφιλε
2896 1261 3000 1325 καὶ

690 1364 907 1447 μάταιε
938 1366 1035 1431 καὶ
1062 1369 1338 1452 χείριστε
1370 1365 1469 1432 καὶ
1499 1373 1703 1451 φαῢλε
1731 1368 1794 1431 Α
1816 1383 1870 1439 -Ι-

591 1486 667 1529 10
787 1489 927 1553 199.
974 1467 1354 1559 ἐλάσασκεν]
1391 1471 1690 1551 ἔπληττεν
1716 1471 1858 1534 A:
2088 1465 2552 1558 ὀμοκλήσασκε]
2586 1468 2825 1549 ἠπείλει
2846 1468 2983 1537 Α-Ι-

781 1592 929 1640 211.
973 1570 1288 1663 ἐρήτυθεν]
1323 1575 1628 1658 κατέσχον
1892 1593 2036 1642 212.
2083 1570 2351 1661 ἐκολῴα]
2386 1575 2668 1656 ἐθορύβει
2698 1573 2834 1635 A=

779 1693 923 1756 214.
971 1673 1125 1764 [ἀπὸ
1155 1683 1359 1743 κοινοῦ
1386 1678 1487 1767 τὸ]
1521 1687 1555 1715 “
1574 1678 1709 1765 ᾔδει
1726 1675 1764 1703 ”
2032 1690 2177 1759 215.
2223 1680 2286 1744 οἶ
2315 1673 2577 1764 εἴσαιτο]
2612 1677 2942 1759 ἐγίνωσκεν

779 1782 928 1847 216.
973 1777 1253 1870 ἔμμεναι]
1289 1783 1485 1848 ἐδόκει
1752 1800 1897 1864 219.
1942 1778 2174 1871 ψοξός]
2210 1779 2589 1862 ὀξυκέφαλος
2616 1780 2756 1843 A:

973 1880 1206 1973 ψεδνή]
1242 1886 1423 1967 ἀραιὰ
1450 1884 1691 1968 μαδαρά
1719 1885 1858 1948 A=

591 2006 665 2067 15
971 1989 1135 2071 παρὰ
1188 1990 1257 2054 τὸ
1300 1995 1405 2072 ψῶ
1451 1991 1485 2052 ὁ
1527 1988 1777 2071 μέλλων
1818 1988 2010 2072 ψήσω
2056 1991 2248 2068 ὄνομα
2288 1994 2657 2068 σημαντικὸν
2692 1987 2922 2070 ψεδνός
2968 1988 3005 2051 ὁ

688 2093 973 2175 μαδαρός·
1021 2094 1055 2157 ὁ
1095 2095 1161 2158 δὲ
1196 2091 1574 2175 Ἡρωδιανὸς
1614 2097 1779 2176 παρὰ
1823 2094 1893 2158 τὸ
1930 2099 2035 2177 wc»
2068 2094 2139 2158 τὸ
2170 2095 2257 2160 εἷς
2289 2090 2625 2177 ἐλάχιστον
2660 2093 2759 2157 καὶ
2786 2090 3005 2172 μικρὸν

690 2196 758 2262 ἔκ
788 2221 951 2264 τινος
982 2196 1195 2263 οὐσίας
1227 2194 1672 2278 καθιστάμενον

780 2301 928 2365 226.
979 2297 1110 2386 [διὰ
1140 2298 1235 2389 τί]
1268 2300 1390 2365 ἀπὸ
1417 2306 1538 2366 τῶν
1560 2297 1829 2388 [ἄλλων]
1864 2305 1969 2365 τοῦ
1997 2305 2233 2387 χαλκοῦ
2265 2298 2532 2381 ἐμνήσθη
2557 2325 2581 2375 ,·
2628 2299 2781 2365 διότι
2802 2298 3008 2379 τίμιον

693 2402 768 2484 ἥν
795 2408 922 2472 τοῖς
954 2405 1235 2487 ἀρχαίοις

590 2526 668 2571 80
783 2525 931 2593 230.
984 2503 1232 2595 (υἷος>]
1278 2506 1401 2572 α’πὸ
1442 2512 1546 2572 τοῦ
1573 2498 1709 2577 ὐἳις
1752 2508 1790 2588 ἦ
1836 2509 2045 2593 γενικὴ
2090 2512 2244 2576 υἴιος
2281 2509 2363 2576 ὦς
2406 2511 2605 2590 ὄφιος,
2648 2508 2748 2572 καὶ
2789 2531 3005 2582 ‹rumu-⁴

687 2610 854 2694 ρέσει
885 2616 991 2677 τοῦ
1020 2624 1056 2676 ῦ
1087 2614 1189 2677 καὶ
1217 2613 1243 2677 ἱ
1273 2612 1495 2681 “utos'’

971 2711 1131 2803 υἷος]
1163 2715 1310 2798 ὑπέρ
1576 2735 1612 2784 2
1619 2737 1724 2802 34.
1772 2712 2220 2805 ἐπιβασκέμεν]
2255 2717 2601 2797 ἐπιβαίνειν
2631 2721 2831 2782 ποιεῖν

780 2832 926 2904 235.
979 2816 1363 2907 (πέπονες>]
1405 2822 1471 2884 ἐκ
1520 2825 1869 2903 μεταφορᾶς
1910 2827 2031 2887 τῶν
2074 2821 2376 2894 πεπόνων,
2420 2821 2461 2885 δ
2507 2822 2578 2906 τῇ
2631 2822 2743 2899 μὲν
2791 2820 3008 2904 γεύσει

690 2922 861 2991 ἐστὶν
883 2923 1046 3003 ἡδέα,
1070 2926 1139 3009 τῇ
1165 2926 1232 2988 δὲ
1253 2922 1412 3004 θίξει
1435 2925 1534 2990 καὶ
1557 2926 1630 3010 τῇ
1655 2927 1782 3008 ἁφῇ
1813 2926 2059 3006 μαλακὰ
2084 2926 2182 2989 καὶ
2207 2923 2504 2989 εὐένδοτα.
2554 2921 2592 3004 ἢ
2626 2927 2663 2961 “
2681 2922 2943 2991 πέπονες
2966 2920 3007 2950 ”

587 3041 664 3102 25
689 3025 879 3109 ἤγουν
921 3027 1294 3110 ταλαίπωροι
1340 3026 1437 3093 καὶ
1479 3026 1675 3109 μάτην
1704 3033 2029 3096 πονοῦντες
2059 3028 2241 3105 ἀίδια,
2273 3030 2340 3093 ἐκ
2370 3033 2476 3092 τοῦ
2505 3034 2689 3108 πονῶ,
2722 3029 2821 3093 καὶ
2852 3030 3008 3092 κατὰ

692 3131 1266 3211 ἂναδιπλασιασμὸν
1292 3133 1398 3210 τῆς
1428 3135 1510 3197 ’π’-ε
1539 3135 1866 3212 συλλαβῆς

969 3229 1265 3320 ἐλέγχεα]
1299 3234 1573 3316 ἀντικρὺς
1602 3236 1802 3315 ὀνείδη

979 3332 1411 3426 (πεσσέμεν>]
1453 3337 1491 3417 ἡ
1521 3340 1840 3420 μεταφορᾶ
1869 3339 1989 3403 ἀπὸ
2024 3345 2145 3404 τῶν
2174 3339 2242 3403 ἐν
2270 3339 2342 3426 τῇ
2383 3339 2605 3422 γαστρὶ
2647 3339 2853 3403 σίτων·
2902 3337 3006 3403 καὶ

689 3443 807 3524 γὰρ
860 3440 1025 3520 αὐτά,
1067 3439 1144 3505 ἂν
1192 3440 1275 3522 μὴ
1331 3444 1593 3529 κρατηθῇ
1644 3442 1753 3507 τὸν
1805 3441 2141 3525 ὡρισμένον
2193 3443 2435 3526 χρόνον,
2479 3443 2859 3524 ἀσθενούσης
2892 3447 3005 3523 τῆς

590 3564 668 3623 30
695 3548 1045 3623 καθεκτικῆς
1074 3543 1378 3622 δυνάμεως
1409 3546 1479 3610 οὗ
1510 3550 1800 3612 πέπτεται

783 3645 930 3732 238.
977 3645 1015 3727 ἥ
1041 3643 1148 3736 ρα]
1183 3648 1300 3731 ἆρα

781 3769 929 3830 241.
973 3747 1287 3840 μεθήμων]
1320 3750 1527 3835 πραΰς,
1558 3756 1878 3834 ἐνδόσιμος
1906 3754 1988 3836 μὴ
2021 3755 2102 3841 τῷ
2136 3754 2300 3840 θυμῷ
2334 3753 2500 3819 ἀλλὰ
2529 3754 2754 3836 ἄθυμος

783 3871 926 3933 242.
962 3851 1271 3943 Ἀτρείδη]
1307 3853 1353 3918 ὦ

781 3958 929 4040 265.
974 3954 1383 4047 μετάφρενον]
1415 3958 1523 4024 τὸν
1548 3959 1779 4040 μεταξὺ
1805 3967 1926 4026 τῶν
1957 3961 2134 4042 ὤμων
2158 3963 2350 4027 τόπον

590 4085 665 4155 35
783 4061 928 4128 266.
975 4058 1319 4159 <Ζδνῶθη->]
1391 4063 1771 4162 ἐπ-εκάμφθη,
1841 4068 2003 4146 παρὰ
2062 4072 2132 4130 τδ
2191 4067 2315 4144 ἵζω·
2396 4067 2496 4132 καὶ
2562 4067 2797 4150 γίνεται
2860 4067 3003 4131 lav&

691 4163 1018 4247 τραπέντος
1077 4171 1184 4228 τοῦ
1236 4166 1277 4244 ζ
1320 4168 1405 4233 εἷς
1462 4173 1494 4232 δ
1552 4172 1839 4250 Δωρικῶς
1885 4169 1988 4232 καὶ
2034 4169 2404 4255 πλεονασμῷ
2446 4175 2554 4234 τοῦ
2582 4171 2636 4235 ν’.
2727 4174 2797 4233 τὸ
2858 4171 3005 4235 ἷδνῦ

689 4272 1000 4351 ψιλοῢται,
1030 4274 1099 4332 τὸ
1144 4270 1249 4347 ἵζω
1295 4270 1615 4334 δασύνεται

781 4373 927 4454 267.
978 4368 1334 4460 <σμῶδιξ>]
1382 4375 1545 4454 παρὰ
1587 4372 1658 4436 τὸ
1703 4372 1959 4455 σμῶξαι·
2005 4376 2158 4439 οὕτω
2204 4378 2270 4441 δὲ
2317 4377 2536 4461 ἔλεγον
2581 4379 2641 4442 οὶ
2679 4374 2886 4445 Ἴωνες
2929 4376 3005 4442 τὸ

693 4474 957 4554 πατάξαι
989 4474 1044 4537 Β
1063 4489 1117 4545 -Ι-

764 4599 840 4651 17.
874 4588 1087 4637 motor&
1120 4589 1203 4637 Et„
1228 4590 1304 4638 M.
1345 4595 1365 4649 ΙΙ
1407 4591 1484 4639 18.
1522 4591 1754 4654 supplevi
1777 4609 1839 4641 ex
1861 4593 1905 4641 L
1941 4598 1962 4653 [Ι
2004 4608 2079 4641 20.
2104 4591 2191 4645 υΐις
2216 4596 2248 4657 ἢ
2278 4596 2485 4659 scripsi:
2523 4593 2591 4644 ὖίς
2613 4593 2693 4644 καὶ
2729 4600 2751 4656 ΙΙ
2790 4609 2866 4658 25.
2891 4594 3007 4643 m·

691 4652 793 4728 leg}
830 4657 851 4712 ΙΙ
888 4653 987 4701 τῶν
1007 4651 1170 4728 πόνων.
1188 4654 1288 4769 lw'
1324 4659 1345 4715 ΙΙ
1383 4669 1464 4718 30.
1498 4654 1729 4707 πέπτεται
1753 4658 1886 4709 AD:
1920 4656 2146 4709 πέττεται
2184 4664 2204 4720 ΙΙ
2244 4671 2323 4726 37.
2360 4659 2419 4710 τὸ
2439 4660 2524 4725 ἵζω
2546 4662 2651 4714 δ.1.
2685 4675 2745 4725 35
2776 4666 2891 4726 pout
2915 4658 3006 4723 ἷζον

691 4725 966 4780 scnptumz
1002 4724 1195 4769 tmemt
