3298 5195
1163 366 1504 429 ιΛιΑΔοΣ
1551 369 1627 427 ψ.
1674 361 1849 451 (21)
2526 364 2655 426 553

438 546 583 616 335.
629 529 1222 623 &vaxmpv‘jo’atJffrot
1253 535 1556 618 ἀναχώρει

438 657 476 721 3
482 657 584 720 39.
630 639 701 703 οὗ
728 642 841 719 μὲν
870 637 985 722 γάρ
1014 663 1104 705 τις
1134 636 1779 727 ἄλλος-ἐξεναρίξει]
1814 638 1892 720 μέ

436 745 584 828 362.
632 740 876 831 στιχός]
909 742 1009 808 διά
1186 743 1331 829 376.
1379 741 1743 833 προμάχιζε]
1778 745 2150 826 προπολέμει

438 844 585 931 385.
628 843 896 935 Τμώλῳ]
932 851 1071 930 ὄρος
1101 851 1325 928 Λυδίας

622 946 841 1038 ’Υδης]
872 951 910 1031 ἦ
942 957 1050 1019 νῦν
1082 949 1418 1031 καλουμένη
1452 951 1708 1034 Σάρδεις
2686 964 2721 1027 5

437 1050 585 1138 387.
632 1053 889 1137 κεάσθη]
923 1057 1189 1138 ἐσχίσθη
1451 1056 1598 1141 388.
1645 1053 1971 1144 ἐπεύξατο]
2007 1056 2392 1140 ἐκαυχήσατο

438 1176 583 1242 391.
615 1155 872 1247 Γυγαίῃ]
906 1159 1026 1223 ἀπὸ
1055 1159 1249 1243 Γύγου
1279 1162 1438 1226 τινός
1457 1159 1589 1228 Α-ἱ-
1742 1179 1891 1238 401.
1926 1160 2054 1224 καθ’
2088 1157 2318 1248 ἵππων]
2355 1161 2506 1223 κατὰ
2535 1165 2652 1224 τῶν

437 1279 586 1339 402.
633 1259 800 1350 ἕθεν]
828 1264 1008 1327 αὐτοῦ
1145 1281 1295 1347 403.
1326 1260 1575 1351 ἤρυγεν]
1601 1266 1749 1328 ποιᾶ
1770 1262 1957 1342 λέξις,
1980 1261 2115 1343 ἤτοι
2139 1264 2478 1344 ἐμυκήσατο
2498 1264 2638 1326 A—

434 1384 583 1443 404.
628 1362 881 1453 ἆνακτα]
916 1365 1022 1430 τὸν
1051 1370 1416 1431 Ποσειδῶνα
1438 1366 1500 1428 Α
1518 1382 1572 1436 -Ι-

431 1472 587 1549 412.
636 1473 818 1550 θυμός
850 1471 1071 1553 ἐστκν
1099 1470 1174 1553 ὁ)
1208 1468 1432 1550 μεταξὺ
1461 1476 1582 1534 τῶν
1614 1476 1871 1536 κλειδῶν
1901 1471 2171 1551 κείμενος
2198 1470 2357 1551 ὑμήν
2690 1493 2764 1533 10

436 1586 585 1655 415.
630 1570 873 1662 ἤντετο]
904 1573 1137 1654 ὑπήντα
1307 1574 1456 1652 418.
1502 1569 1811 1661 λιασθείς]
1847 1575 2157 1641 κυλισθεὶς
2187 1575 2515 1657 χωρισθείς

438 1696 586 1756 424.
632 1674 968 1765 ἀνέπαλτο]
1007 1679 1152 1742 λίαν
1413 1688 1560 1758 425.
1609 1673 2032 1764 ἐσεμάσσατο]
2067 1676 2440 1757 ἐμαλάκισεν

640 1780 1073 1866 (ἐσεμάσσατο
1105 1776 1367 1868 θυμόν>]
1405 1781 1511 1845 τὸν
1542 1783 1695 1844 κατὰ
1723 1785 1828 1844 τοῢ
1870 1778 2334 1862 Ἀγαμέμνονος·
2372 1780 2651 1861 μαλακὸν

349 1887 461 1967 μὲν
503 1887 621 1970 γᾶρ
655 1887 735 1969 τῷ
767 1883 1174 1969 Ἀγαμέμνονι
1215 1887 1523 1964 ἐποίησεν,
1556 1885 1745 1969 ἑαυτῷ
1792 1884 1859 1949 δὲ
1903 1882 2147 1968 τραχύν,
2178 1882 2215 1963 ἢ
2264 1881 2485 1963 ἔνυξεν,
2518 1883 2652 1963 ἤτοι

353 1990 627 2068 κείμενον
657 1987 762 2053 τὸν
790 1990 978 2067 θυμόν
998 2012 1115 2067 μου
1145 1989 1297 2052 κατὰ
1323 1994 1445 2053 τῶν
1463 1988 1691 2069 Τρώων
1715 1988 1813 2051 καὶ
1844 1986 2241 2070 ἀνενέργητον
2263 1989 2411 2051 ὄντα
2439 1986 2649 2067 ἔνυξεν
2689 2008 2763 2068 15

436 2094 584 2173 427.
631 2086 1050 2178 πτώσσοιμεν]
1084 2093 1406 2175 δειλιῷμεν
1664 2092 1814 2168 482.
1862 2087 2042 2178 τῆλε]
2073 2087 2309 2172 μακράν

632 2195 807 2281 αὐτῇ]
840 2194 953 2258 σύν
1213 2211 1361 2279 492.
1411 2192 1754 2277 εἰλυφάζει]
1786 2196 1957 2270 εἶλεῖ,
1992 2193 2326 2275 συστρέφει
2355 2192 2492 2256 A·—

438 2299 586 2381 496.
631 2298 1009 2381 τριβέμεναι]
1042 2299 1236 2364 ἀλοᾶν
1499 2293 1622 2385 κρῖ]
1659 2296 1835 2379 κριθά

635 2401 976 2488 ἐυκτιμένῃ]
1007 2401 1421 2487 εὖκατασκεύῳ
1686 2401 1885 2488 ἀλωῇ]
1917 2401 2109 2466 ἅλωνι

437 2519 586 2590 497.
630 2504 856 2587 λεπτά]
887 2505 963 2569 τὰ
995 2504 1170 2586 κριθά
1426 2523 1577 2587 499.
1624 2501 1909 2592 στεῖβον]
1960 2503 2332 2568 κατεπάτουν
2687 2532 2763 2572 20

440 2623 586 2690 501.
634 2604 734 2696 ἃς]
768 2611 864 2675 αἶς
1120 2608 1516 2692 ῥαθάμιγγες]
1548 2612 1611 2673 αἱ
1638 2611 1878 2692 ῥανίδες

440 2725 585 2791 502.
633 2710 1057 2794 ἐπισσώτρων]
1097 2718 1216 2776 τῶν
1244 2718 1478 2796 τροχῶν
1665 2725 1812 2797 503.
1859 2712 2148 2796 ἀάπτους]
2178 2715 2285 2780 τὰς
2316 2712 2648 2793 ἀπτοήτους

1463 3041 1538 3101 Φ.

437 3195 497 3262 3.
542 3174 897 3260 διατμήξας]
928 3176 1299 3260 διαχωρίσας
1557 3195 1619 3253 4.
1667 3178 1727 3239 οἳ
1760 3174 1972 3257 ἄλλοι]
1997 3178 2055 3239 οἱ
2077 3173 2386 3254 Ἕλληνες

439 3282 499 3343 6.
547 3282 611 3344 οἵ
633 3275 735 3367 γε]
769 3283 828 3344 οἱ
856 3286 1060 3362 Τρῶες
1324 3296 1381 3361 7.
1429 3279 1690 3362 πρόσθε]
1724 3279 1917 3344 αὐτῶν
1945 3284 2066 3342 τῶν
2093 3279 2319 3360 Τρώων
2687 3298 2760 3358 25

635 3379 945 3473 ἐρυκέμεν]
979 3387 1140 3450 ὥστε

441 3505 543 3553 20.
590 3486 821 3570 ἀεικής]
853 3488 1124 3570 ἀπρεπὴς
1153 3485 1461 3569 ἀνδράσιν,
1490 3485 1624 3565 ἥτοι
1654 3486 2023 3568 γυναικώδης

440 3608 540 3676 23.
587 3592 882 3675 πιπλᾶσι]
912 3591 1213 3675 γράφεται
1245 3599 1280 3628 “
1306 3596 1616 3671 πιμπλᾶσι
1638 3589 1676 3616 ”

441 3709 542 3778 25.
588 3695 841 3778 δεινοῖο]
873 3694 1171 3778 γράφεται
1203 3695 1298 3759 καὶ
1330 3698 1494 3774 ἰῶτα,
1524 3699 1630 3758 τοῦ
1660 3695 1828 3760 δίνας
1859 3693 2109 3777 ἔχοντος

435 3817 541 3877 40.
587 3798 921 3882 ἐπέρασσε]
954 3800 1289 3879 ἐπώλησεν·
1336 3803 1525 3880 περᾶν
1554 3799 1671 3882 γὰρ
1699 3797 1770 3863 τὸ
1800 3802 2029 3874 πωλεῖν
2058 3796 2195 3878 παρ’
2226 3794 2474 3883 Ὁμήρῳ
2684 3825 2764 3882 30

438 3904 544 3981 64.
595 3887 881 3986 ὅρμαινε]
913 3909 1203 3968 διενοεῖτο

440 4024 541 4088 70.
586 4007 652 4069 ἐκ
683 4011 788 4069 τοῦ
818 4008 905 4071 ἀῶ
934 4005 1005 4070 τὸ
1036 4006 1342 4089 κορέννυμι
1373 4007 1606 4091 γίνεται
1636 4005 1788 4068 ἆσαι
1817 4009 1887 4068 τὸ
1917 4004 2165 4086 κορέσαι
2209 4005 2309 4070 καὶ
2338 4012 2648 4074 πλεονασ-

347 4109 441 4194 μῷ
472 4112 577 4189 τῆς
603 4110 805 4195 με<ν>
842 4117 875 4145 “
900 4109 1159 4190 ἄμμεναι
1180 4108 1221 4138 ”
1251 4117 1321 4174 τὸ
1353 4113 1714 4192 κορεσθῆναι

442 4231 543 4298 79.
589 4213 1019 4296 ἑκατόμβοιον]
1051 4213 1264 4278 ἑκατὸν
1292 4219 1462 4293 βοῶν
1490 4211 1669 4294 τιμήν
1843 4211 2075 4295 ἦλφον]
2109 4213 2283 4294 εὗρον

439 4318 539 4381 80.
586 4316 839 4399 ἐλύμην]
871 4315 1302 4397 ἐλυτρωσάμην
1565 4330 1667 4400 97.
1713 4310 1846 4404 μίν]
1879 4316 1985 4382 τὸν
2012 4314 2319 4399 Ἀχιλλέα
2684 4334 2761 4396 35

444 4434 585 4501 105.
631 4418 799 4502 περί]
830 4416 961 4497 ἤτοι
993 4418 1536 4502 περισ<σ>οτέρως
2459 4455 2467 4462 ·

441 4544 584 4611 123.
631 4519 1194 4605 ἀπολιχμήσονται]
1226 4521 1661 4601 ἀπολείξουσιν

527 4671 573 4724 7.
608 4658 854 4722 μετὰτῦν
890 4663 911 4719 ΙΙ
949 4671 1028 4720 32.
1057 4655 1187 4708 ἅωτο
1208 4657 1269 4709 τὸ
1288 4674 1336 4711 κ.
1377 4662 1398 4718 ΙΙ
1433 4654 1547 4707 ἆσαι
1573 4657 1781 4721 οοτίριίτ
1815 4654 1915 4706 ἅνω
1952 4659 1974 4715 ΙΙ
2013 4653 2091 4716 36.
2132 4651 2466 4718 περισοτέρους
