3298 5195
686 307 818 370 544
1491 307 1832 369 ιΛιΑΔοΣ
1880 309 1959 369 n.
2004 302 2183 391 (16)

781 491 924 558 227.
973 479 1076 541 ὅτε
1109 478 1193 559 μὴ
1228 478 1335 542 Διὶ
1365 471 1581 565 πατρῖ]
1615 479 1670 540 εἰ
1697 474 1799 557 μή.
1839 474 1973 541 ἔστι
2003 478 2067 541 δὲ
2096 477 2378 561 ῥητορικὴ
2407 475 2445 559 ἦ
2478 476 2705 560 φράσις

779 581 923 648 228.
975 582 1177 668 θεείῳ]
1213 584 1356 667 θείῳ
1621 598 1768 664 243.
1816 580 1853 660 ἥ
1888 578 1998 667 ῥα]
2031 582 2126 645 ὅτι
2155 582 2344 649 ὅντως

908 732 924 750 .
972 687 1026 749 εί
1090 690 1126 719 “
1198 684 1234 710 ”

776 703 920 868 322,
951 799 1013 870 5.
1026 681 1308 873 ]ἔχδῖντες
1338 790 1593 870 πρόσσω
1625 790 1745 854 πᾶς
1775 782 2050 876 πέτεται]
2084 787 2581 870 καινοπρεπὲς-τὸ
2611 792 2826 872 σχῆμα

621 908 660 969 5
775 911 921 981 302·
970 887 1157 982 ἑρωή]
1191 890 1473 973 ἀναβολή

775 1015 923 1083 304.
960 990 1500 1084 (προτροπάδην>]
1526 992 1924 1079 ἠπειγμένως,
1943 994 1984 1075 ἢ
2014 1000 2121 1060 τὸν
2150 996 2373 1060 οῖκεῖον
2403 994 2630 1079 αὐχένα
2659 993 3011 1062 δεικνύντες

774 1116 922 1186 315.
971 1094 1167 1188 μυῶν]
1201 1098 1560 1166 συνέλευσις
1589 1104 1712 1164 τῶν
1741 1103 1965 1181 νευρῦν

772 1223 921 1290 324.
968 1203 1091 1269 ἀπὸ
1138 1198 1420 1291 μυώνων]
1468 1202 1591 1268 ἀπὸ
1642 1203 1747 1279 τῆς
1791 1202 2137 1270 συνθέσεως
2183 1201 2282 1269 καὶ
2322 1206 2429 1283 τῆς
2475 1205 2831 1283 συμπλοκῆς
2878 1208 3008 1267 τῶν

685 1312 912 1389 νευρόν

583 1431 660 1475 ιο
773 1429 920 1497 331.
967 1405 1216 1498 κλόνον]
1250 1407 1608 1492 συστροφήν

771 1514 918 1601 338.
968 1510 1333 1601 ἱπποκόμου]
1367 1515 1469 1591 τῆς
1500 1513 1864 1599 ἱπποτρίχου

770 1637 917 1703 339-
965 1616 1280 1701 ἐρρριίσθη]
1309 1615 1625 1699 διεφθάρη.
1661 1615 1933 1695 ἐκλάσθη

769 1740 920 1807 341.
963 1716 1303 1808 παρηέρθη]
1338 1719 1766 1802 ἀπεκρεμάσθη
2032 1733 2182 1804 347.
2231 1718 2494 1803 κέασσε]
2525 1718 2911 1786 συνέκλασεν

770 1844 920 1910 349.
962 1824 1032 1889 τὸ
1062 1819 1160 1912 δέ]
1194 1823 1266 1889 τδ
1294 1824 1444 1906 αἷμα

583 1945 656 2006 15
770 1928 917 2014 356.
964 1927 1035 1992 τὸ
1066 1934 1107 1966 “
1125 1926 1427 2012 ἐπέχραον
1442 1926 1480 1952 ”
1513 1925 1647 1992 ἀντὶ
1678 1931 1784 1991 τοῦ
1825 1925 2304 2008 προσεπέλασαν
2331 1926 2469 1995 τοὺς
2514 1932 2751 2012 χρῶτας
2796 1928 3004 1992 αὑτῶν

681 2033 741 2097 οἱ
780 2033 955 2097 λύκοι
986 2036 1111 2099 τοῖς
1154 2030 1354 2116 χρωσὶ
1381 2035 1501 2094 τῶν
1532 2030 1748 2111 ἀρνῶν,
1778 2028 1912 2109 ἤτοι
1943 2028 2336 2112 προσέμιξαν·
2396 2030 2454 2094 οἳ
2500 2032 2568 2095 δὲ
2611 2036 2731 2095 τῶν
2757 2028 3005 2110 λέξεων

681 2136 1118 2218 παραφρασταὶ
1147 2139 1217 2198 τδ
1249 2132 1645 2218 “ἐπέχραον”
1674 2131 1806 2199 ἀντὶ
1828 2137 1935 2197 τοῦ
1955 2134 2226 2211 ἐπῆλθον
2242 2131 2648 2215 ἦρμῆνευσαν.
2695 2135 2749 2218 ᾗ.
2774 2133 2902 2199 ἀπὸ
2933 2134 3004 2197 δὲ

684 2238 938 2321 θέματος
990 2243 1097 2303 τοῦ
1145 2236 1316 2322 χράω
1369 2236 1439 2301 τὸ
1486 2234 1893 2319 προσπελάζω
1950 2238 1984 2299 ὁ
2033 2236 2282 2317 μέλλων
2331 2236 2566 2320 χράσω,
2621 2238 2655 2301 ὁ
2707 2238 3002 2319 ἀόριστος

685 2343 931 2426 ἔχραον,
961 2342 1032 2406 τὸ
1077 2343 1282 2425 τρίτον
1310 2346 1431 2407 τῶν
1459 2345 1884 2418 πληθυντικῶν
1914 2341 2139 2423 ἕχραον
2168 2340 2267 2405 καὶ
2303 2343 2459 2423 μετὰ
2487 2345 2595 2421 τῆς
2625 2343 2731 2406 ἐπί
2774 2340 3001 2423 προθέ-

769 2562 921 2635 359·
971 2545 1189 2636 ἰδρείῃ]
1223 2548 1499 2634 ἑιῑιττειρίει
1761 2546 1911 2634 364·
1960 2543 2308 2637 Ὄλυμπον]
2339 2551 2451 2614 τοῦ
2484 2550 2656 2632 ὄρθ’)ς

769 2654 919 2739 365.
966 2649 1234 2741 αίθέρος]
1267 2657 1373 2718 τοῦ
1410 2656 1672 2735 καθαροῦ
1702 2651 1877 2735 ἀέρος

768 2771 919 2842 372.
968 2752 1309 2845 σφεδανόν]
1343 2758 1649 2824 σπεδανόν
1916 2767 2067 2841 375.
2114 2752 2433 2845 τανύοντο]
2469 2758 2719 2839 ἔτρεχον

770 2878 922 2947 392.
968 2862 1069 2927 ἐπὶ
1130 2857 1269 2948 κάρ]
1326 2861 1362 2924 ὅ
1421 2864 1591 2926 ἐστιν
1642 2860 1745 2925 ἐπὶ
1792 2858 2092 2942 κεφαλήν·
2139 2859 2491 2944 κάρην<ον)
2540 2859 2656 2943 γάρ
2701 2861 2838 2924 ἐστι
2892 2861 3000 2925 καὶ

581 2982 656 3043 25
687 2967 838 3029 κατὰ
867 2964 1186 3044 ἀποκοπὴν
1216 2963 1364 3047 κάρη
1399 2965 1497 3028 καὶ
1528 2964 1806 3050 ἀποκοπῇ
1838 2961 2028 3028 πάλιν
2057 2968 2163 3027 τοῦ
2190 2974 2227 3043 ῆ
2260 2971 2304 3002 “
2328 2962 2489 3046 κάρ”
2522 2963 2654 3034 Α-ι-

770 3080 922 3150 405.
966 3067 1238 3151 γναθμὸν
1268 3061 1604 3152 δεξιτερόν]
1638 3066 1749 3146 τὴν
1778 3064 1986 3145 δεξιὰν
2017 3068 2277 3151 σιαγόνα

769 3189 921 3249 410.
968 3169 1095 3235 καδ’
1127 3169 1179 3234 δ’
1211 3169 1302 3253 ἄρ’
1336 3168 1437 3234 ἐπὶ
1469 3168 1640 3252 στόμ’
1678 3164 1864 3258 ἔωσε]
1899 3168 2262 3252 κατέρριψεν

771 3291 916 3353 4ῑ2.
964 3270 1215 3363 ἄνδιχα]
1249 3279 1436 3358 διχῶς
1698 3271 1957 3356 κεάσθη]
1989 3271 2261 3353 ἐκλάσθη

769 3395 920 3457 422.
969 3379 1173 3462 (πόσε
1218 3377 1475 3460 φεύγετε
1519 3381 1625 3442 νῦν
1649 3402 1672 3453 ,-
1721 3376 1857 3440 θοοί
1900 3371 2121 3464 ἑστε>]
2154 3373 2191 3456 ἢ
2223 3378 2376 3442 οὕτω
2409 3384 2445 3413 “
2470 3381 2575 3442 νῦν
2620 3377 2758 3440 θοοί
2796 3377 2946 3442 ἐστε
2962 3376 2996 3451 ’ἶ

582 3505 660 3563 30
686 3479 820 3561 ἤτοι
851 3487 1059 3567 ταχεῖς
1090 3482 1178 3549 εἷς
1207 3480 1277 3545 τὸ
1308 3480 1559 3564 φεύγειν

768 3597 915 3671 437.
964 3582 1136 3674 θείω]
1172 3577 1518 3666 κατάθωμαι

770 3688 921 3773 456.
967 3683 1371 3776 ταρχύσουσι]
1412 3689 1533 3753 ἀπὸ
1564 3692 1669 3752 τοῦ
1697 3687 1947 3772 τάριχος
1975 3689 2257 3771 γίνεσθαι
2286 3689 2355 3754 ἐν
2383 3688 2742 3767 τεθνηκόσιν

774 3788 1157 3880 κασίγνητοι]
1191 3796 1249 3857 οἱ
1292 3796 1627 3875 συγγενεῖς·
1680 3791 1802 3857 ἀπὸ
1824 3793 1941 3875 γὰρ
1976 3791 2165 3876 (τῆς)
2203 3792 2470 3873 ἱστορίας
2509 3790 2779 3873 ἀδελφὸς
2809 3791 2996 3856 αὐτοῦ

686 3895 802 3980 οὐχ
831 3897 1173 3978 εὑρίσκεται

581 4018 658 4080 35
772 4011 924 4082 459.
969 3992 1228 4084 ψιάδας]
1260 4000 1504 4080 ῥανίδας
1533 3995 1763 4066 λεπτάς

771 4099 924 4180 468.
971 4100 1232 4185 ἔβραχε]
1261 4099 1462 4187 ᾔχησε
1723 4096 1988 4191 ἀίσθων]
2021 4100 2342 4168 ἀποπνέων
2370 4100 2504 4170 Α-ὶ-

774 4218 926 4285 470.
973 4205 1138 4287 κρίκε
1168 4205 1234 4269 δὲ
1266 4199 1441 4293 ζυγά]
1474 4203 1711 4289 ἤχησεν
1742 4207 1776 4269 ὅ
1810 4206 1983 4288 ζυγός
2008 4205 2149 4269 A=

771 4321 923 4391 542.
968 4303 1193 4396 εἵρυτο]
1227 4308 1429 4390 ἐρύετο
1689 4319 1838 4391 545.
1884 4309 2281 4392 ἀεικίσσωσι]
2308 4309 2653 4391 ὖβρίσωσιν

687 4524 2871 4658 1¹310‘zm121t22n'13532213puxmmwmnfflffiwxoeu
2913 4541 2995 4592 33·
