3298 5195
1136 365 1476 427 ιΛιΑΔοΣ
1526 368 1596 427 A.
1642 360 1667 447 (
1699 364 1731 425 1
1759 361 1781 448 )
2477 365 2602 426 491

296 540 417 601 τῶν
461 538 882 614 πληθυντικῶν
932 531 1289 614 ἑφάνθησαν
1342 534 1439 599 καὶ
1471 537 1623 598 κατὰ
1681 535 1995 617 συγκοπὴν
2055 536 2153 645 καὶ
2212 534 2602 615 πλεονασμὸν

295 643 403 702 τοῦ
429 649 468 701 <i
502 637 601 702 καὶ
632 635 956 719 ἀφαιρέσει
985 642 1092 700 τοῦ
1121 647 1150 701 ἓ
1182 636 1572 712 “Manem”

390 759 536 806 202.
588 736 1013 826 <αἶγιόχοιο>]
1055 740 1167 819 τὴν
1219 740 1425 823 αἰγίδα
1477 739 1830 806 ἀνατιθέασι
1879 743 1962 825 τῷ
2019 742 2124 804 Διὶ
2178 742 2276 806 καὶ
2324 744 2600 827 αἰγίοχος

300 849 573 908 καλεῖται
613 843 711 909 διὰ
757 842 826 908 τὸ
870 847 977 910 τὰς
1019 844 1367 925 καταιγίδας
1411 844 1535 910 ἅνω
1565 843 1735 924 ἡμῶν
1762 844 2042 928 γίνεσθαι
2074 842 2307 911 καὶτὰς
2333 845 2600 927 βροντὰς

301 947 400 1010 καὶ
450 946 586 1013 τοὺς
635 946 970 1028 κεραυνούς·
1022 947 1249 1028 αῖγίδες
1299 949 1416 1029 γὰρ
1464 949 1584 1011 ἀπὸ
1627 953 1735 1011 τοῦ
1779 948 2024 1012 ἆίσσειν
2059 947 2129 1011 τὸ
2173 949 2364 1027 ὄνομα
2409 950 2601 1032 ἔσχον
2633 977 2668 1039 5

299 1048 591 1136 (Col-nub.
621 1048 831 1113 Theol.
864 1070 917 1112 ο.
955 1069 994 1132 9
1026 1070 1085 1131 p.
1119 1069 1159 1133 9
1193 1048 1302 1133 L.)
1416 1060 1422 1065 ’

390 1170 537 1234 207.
583 1160 653 1218 τὸ
684 1159 798 1218 σὸν
825 1149 1030 1240 μένος]
1063 1154 1176 1233 τὴν
1206 1153 1326 1233 σὴν
1352 1152 1539 1236 ὀργήν

391 1258 538 1323 208.
581 1252 719 1346 ἧκε]
763 1258 1005 1340 ἔπεμψε
1047 1262 1347 1337 Δωρικῶς·
1390 1259 1610 1323 ἐκεῖνοι
1654 1262 1770 1343 γὰρ
1814 1260 1925 1339 τὴν
1963 1260 2103 1343 (H)
2143 1260 2485 1342 δίφθογγον
2525 1259 2605 1327 ὣς

301 1363 401 1427 ἐπὶ
431 1361 502 1425 τὸ
531 1366 828 1424 πλεῖστον
854 1366 893 1439 ἦ
928 1360 1289 1443 γράφουσιν,
1320 1361 1399 1428 ὣς
1429 1363 1499 1426 τὸ
1529 1365 1729 1441 πλῆον
1757 1367 1914 1443 μῆον

391 1484 532 1549 213.
580 1460 810 1551 τόσσα]
847 1463 981 1543 ἤτοι
1009 1463 1218 1529 πολλά
2638 1498 2712 1537 10

388 1570 536 1634 216.
588 1565 826 1656 <χρή>]
876 1568 1011 1632 ἔστι
1049 1572 1258 1651 χρῆμι,
1289 1568 1359 1634 τὸ
1404 1571 1685 1653 δεύτερον
1722 1570 1890 1659 χρῄς,
1926 1569 1998 1635 τὸ
2042 1572 2244 1653 τρίτον
2283 1572 2477 1654 χρησί
2507 1572 2607 1636 καὶ

300 1699 450 1738 κατα
480 1673 796 1752 ἀποκοπὴν
825 1676 931 1752 τῆς
962 1701 1030 1739 σι
1060 1674 1381 1753 συλλαβῆς
1411 1672 1529 1757 χρή

390 1794 535 1860 219.
584 1772 652 1862 ἦ]
703 1772 862 1863 [ἀντὶ
904 1782 1009 1841 τοῦ
1054 1778 1194 1859 ἔφη,
1234 1774 1563 1859 γενόμενον
1594 1778 1715 1842 ἀπὸ
1754 1783 1860 1841 τοῦ
1900 1778 2074 1857 φημί,
2109 1779 2207 1842 καὶ
2238 1781 2387 1843 κατὰ
2416 1780 2603 1861 ἆφαί-

298 1906 472 1961 ρεσιν
494 1885 600 1944 τοῦ
618 1887 668 1961 φ
690 1876 857 1967 ἠμί]·
906 1882 940 1945 ὁ
968 1879 1215 1961 μέλλων
1236 1879 1388 1959 ἥσω,
1415 1882 1449 1944 ὁ
1478 1882 1751 1965 δεύτερος
1782 1882 2064 1963 ἀόριστος
2094 1881 2186 1962 ἦν,
2204 1881 2275 1946 τὸ
2304 1884 2504 1964 τρίτον
2534 1882 2572 1963 ἦ

390 2002 539 2047 220.
585 1980 976 2072 ἆπίθησεν]’
947 1984 1068 2048 απὸ
1096 1988 1202 2065 τοῦ
1231 1983 1388 2047 πίθω
1419 1983 1661 2064 πιθήσω
2636 2010 2708 2070 15

391 2105 537 2172 223.
586 2083 848 2177 ἐξαῦτις]
883 2091 948 2153 ἐκ
979 2086 1257 2169 δευτέρου
1287 2091 1414 2157 Α-Ι-

388 2192 536 2256 228.
582 2196 653 2255 τὸ
683 2193 750 2256 ἐν
770 2194 852 2277 τῷ
880 2190 1125 2278 πολέμῳ
1146 2188 1184 2270 ἢ
1206 2192 1378 2277 λόχῳ
1404 2193 1717 2274 εὑρεθῆναι
1740 2191 1995 2261 θάνατός
2022 2219 2125 2259 σοι
2147 2197 2429 2277 φαίνεται
2460 2199 2591 2258 Α--

390 2312 534 2379 231.
579 2294 909 2378 βασιλεύς]
933 2294 1013 2359 σῦ
1178 2292 1342 2382 ἐπεί]
1376 2297 1470 2360 ὅτι

582 2398 923 2466 οὖτιδανούς
954 2408 1113 2482 φησι
1142 2398 1281 2466 τοὺς
1301 2396 1616 2480 Ἕλληνας
1645 2399 1760 2483 οὐχ
1791 2400 1869 2467 ὣς
1896 2402 2161 2482 ὑβρίζων
2188 2401 2418 2478 αὐτούς,
2438 2402 2603 2466 ἀλλὰ

299 2502 685 2585 παροτρύνων
717 2502 842 2567 κατ’
875 2502 1056 2567 αὐτοῦ
1677 2522 1821 2588 232.
1866 2500 2175 2593 Ἀτρείδη]
2209 2503 2256 2567 ὦ
2635 2528 2711 2568 20

391 2620 537 2691 235.
582 2603 801 2695 τομήν]
833 2608 1002 2689 ῥίζαν
1032 2612 1083 2671 Α
1104 2621 1158 2677 -Ι-
1417 2610 1561 2692 236.
1607 2604 1669 2695 ἕ]
1702 2608 1845 2672 αὐτὸ
1875 2609 1945 2673 τὸ
1975 2614 2283 2691 σκῆπτρον

586 2707 847 2798 ἔλεψεν]
881 2708 918 2789 ἢ
951 2708 1255 2790 ἑλέπισεν,
1284 2713 1321 2775 ὅ
1352 2715 1521 2777 ἐστιν
1551 2714 1825 2794 ἔγλυψεν
2019 2728 2165 2798 237.
2211 2717 2279 2779 τὲ
2315 2709 2444 2802 καί]
2476 2713 2611 2793 ἥτοι

580 2809 716 2903 μίν]
750 2813 896 2878 αὗτό

391 2935 537 3002 239.
585 2914 974 3005 <εἶρύαται>]
1024 2918 1144 3000 ρύω
1187 2925 1258 2983 τὸ
1310 2917 1614 2999 φυλάττω,
1664 2918 1761 2985 καὶ
1801 2919 2089 2987 Ἀττικῶς
2134 2920 2450 2986 ἑπενθέσει
2500 2926 2608 2986 τοΰ

301 3023 331 3086 ἑ
376 3021 545 3103 ἑρύω,
586 3021 666 3088 ὣς
709 3027 780 3085 τὸ
825 3022 985 3086 θέλω
1026 3020 1234 3086 ἐθέλω·
1288 3024 1430 3087 ὅθεν
1477 3025 1675 3104 εἵρυον
1720 3026 1754 3087 ὀ
1800 3024 2199 3105 παρατατικὸς
2245 3027 2347 3089 διὰ
2388 3028 2495 3104 τῆς
2536 3019 2597 3089 ἐἶ
2635 3040 2711 3100 25

300 3125 639 3209 διφθόγγου
667 3125 817 3207 πρὸς
846 3126 1314 3205 ἆντιδιαστολῆν
1334 3131 1439 3189 τοῦ
1470 3127 1626 3207 ἆρύω
1657 3125 1855 3208 ἤρυον·
1903 3128 2270 3205 κανονίζεται
2303 3131 2370 3193 δὲ
2393 3130 2603 3196 οὕτως·

301 3227 469 3309 ἑρύω,
501 3230 535 3292 ὁ
571 3228 817 3308 μέλλων
852 3229 1065 3311 ἑρύσω,
1101 3230 1134 3292 ὁ
1179 3230 1615 3310 παρακείμενος
1662 3233 1879 3313 εἵρυκα,
1917 3233 1951 3294 ὀ
1994 3235 2323 3311 παθητικός
2369 3232 2597 3314 εἴρυμαι

299 3333 535 3414 εἵρυσαι
566 3333 790 3414 εἴρυται
820 3333 1105 3417 εἷρύμεθα
1138 3335 1379 3415 εἴρυσθε
1410 3334 1671 3415 εἴρυνται
1704 3334 1802 3399 καὶ
1830 3334 2111 3401 Ἰωνικῶς
2141 3342 2176 3370 “
2203 3335 2469 3417 εἶρύαται
2491 3335 2528 3361 ”

585 3432 649 3524 ὅ]
684 3436 854 3503 οὗτος
885 3442 1014 3500 A=
1203 3449 1347 3517 245.
1393 3434 1586 3526 βάλε]
1621 3441 1722 3503 διὰ
1750 3439 1862 3518 τὴν
1891 3437 2078 3522 ὀργήν
2108 3443 2239 3512 A÷
2648 3497 2653 3502 .

391 3557 535 3621 249.
580 3540 831 3621 τροπικὴ
862 3539 898 3618 ἡ
929 3538 1112 3620 λέξις,
1143 3543 1208 3605 ἐκ
1237 3545 1585 3624 μεταφορᾶς
1612 3546 1717 3605 τοῦ
1746 3544 1958 3610 ὕδατος
2631 3567 2710 3624 30

391 3656 537 3724 250.
581 3640 890 3732 μερόπων]
929 3650 1049 3707 τῶν
1092 3646 1362 3728 ἐχόντων
1403 3646 1514 3725 τὴν
1560 3645 1771 3727 φωνὴν
1812 3642 2267 3733 με[ρι]ζομένην
2318 3648 2406 3714 εἷς
2453 3654 2605 3712 συλ-

299 3745 523 3827 λαβάς,
554 3745 687 3825 ἤτοι
719 3746 1021 3829 ἔναρθρον,
1057 3747 1155 3812 καὶ
1184 3748 1334 3830 πρὸς
1364 3748 1684 3832 σύγκρισιν
1713 3755 1833 3814 τῶν
1863 3750 2073 3813 ἄλλων
2105 3749 2270 3836 ζῴων
2299 3754 2427 3820 A÷

389 3866 534 3933 251.
579 3847 838 3939 τράφεν]
867 3850 1073 3919 Ἴωνες
1104 3850 1202 3916 καὶ
1230 3854 1760 3933 ὑπερσυντελίκως

390 3968 532 4036 254.
577 3951 794 4044 πόποι]
829 3962 964 4038 φεῦ,
995 3957 1196 4021 παπαί
1225 3961 1354 4020 Α-
1514 3958 1655 4022 262.
1702 3952 1864 4045 ἴδον]
1894 3957 2165 4024 Ἰωνικὸν
2194 3961 2294 4025 καὶ
2326 3958 2603 4027 Ἀττικόν

389 4073 536 4140 271.
584 4056 712 4122 κατ’
745 4058 835 4141 ἔμ’
868 4056 1078 4147 αὐτόν]
1129 4062 1278 4124 κατὰ
1306 4060 1418 4141 τὴν
1448 4060 1597 4141 ἐμὴν
1626 4060 1876 4142 δύναμιν
2630 4082 2707 4146 35

391 4177 534 4248 273.
579 4169 650 4226 τὸ
681 4162 834 4242 θέμα
864 4161 1046 4242 ξυνίω
1076 4162 1314 4243 ἑξῦνιον
1343 4165 1442 4230 καὶ
1473 4167 1746 4253 συστολῇ
1779 4172 1815 4202 “
1839 4163 2042 4245 ξύνιον
2062 4166 2100 4193 ”

387 4282 535 4349 274.
580 4262 797 4354 ὔμμες]
839 4269 1130 4331 Αἶολικόν
1163 4273 1293 4331 A=

387 4371 532 4453 278.
574 4371 764 4452 μείρω
815 4370 884 4434 τὸ
935 4371 1173 4452 μερίζω,
1227 4372 1261 4434 ὁ
1310 4370 1553 4452 μέλλων
1608 4379 1788 4454 μερῶ,
1838 4375 1873 4436 ὅ
1923 4374 2114 4455 μέσος
2161 4376 2599 4457 παρακείμενος

294 4473 529 4555 μέμορα
559 4473 657 4538 καὶ
688 4473 818 4537 καθ’
847 4472 1318 4555 ὖπερβιβασμδν
1346 4475 1576 4557 ἔμμορα

361 4633 407 4683 8.
442 4631 535 4693 τὴν
506 4634 599 4681 νῖι
583 4631 887 4695 ιονδίφθογγ
859 4633 1117 4697 vect-ipsi.
1105 4649 1117 4661 ·
1152 4632 1479 4697 τὰδίφθογγει
1516 4640 1536 4696 ΙΙ
1577 4637 2384 4701 13,14.abibliopogsareseeta
2455 4635 2596 4700 plevi

296 4698 480 4758 oxLu
523 4711 599 4762 14.
632 4695 841 4760 ὀτρίτος
820 4703 1006 4761 ςῃο5.
1043 4695 1130 4747 τὸν
1152 4700 1195 4748 θ.
1234 4705 1369 4762 [133.
1406 4700 1669 4764 ὓπεηρσυν
1615 4702 1758 4749 rim
1762 4701 1980 4762 051136.
1995 4653 2462 4765 debebntdfiatucr
