3298 5195
1145 372 1496 434 ῙΛιΑΔοΣ
1537 374 1611 434 Τ.
1657 366 1834 455 (19)
2016 341 2023 349 ’
2513 366 2639 430 551

345 547 492 617 λῶν,
535 541 683 606 ὅταν
721 566 814 608 τις
862 539 1182 622 ἱστάμενος
1220 540 1304 622 μὴ
1351 541 1737 627 ἀποσκελίσῃ
1783 539 1923 604 ἀλλ’
1959 539 2201 619 ίστῆται
2243 539 2534 620 βεβηκὸς
2576 540 2645 603 ἐν

344 642 435 711 ἑνὶ
463 646 649 731 τόπῳ·
692 643 731 725 ἢ
762 643 1213 711 πολυσκελέως·
1258 640 1298 723 ἢ
1344 649 1641 726 σκληρῶς·
1688 642 1762 724 ἐξ
1792 644 1863 708 οὗ
1892 643 1963 709 τὸ
1994 645 2283 710 σκελετός
2311 642 2383 708 τὸ
2414 647 2646 724 κοῦφον

342 749 649 832 λείψανον

434 853 538 938 83.
586 846 957 939 ἐνδείξομαι]
993 850 1130 933 ἤτοι
1170 852 1282 932 τὴν
1311 851 1616 917 ἀπότασιν
1655 856 1777 915 τῶν
1819 853 2025 935 λόγων
2053 851 2203 934 πρὸς
2246 849 2429 916 αὐτὸν
2464 847 2643 929 ποιή-

343 980 531 1037 σομαι
558 956 622 1018 Α
638 970 691 1026 4
709 956 767 1019 B
780 985 844 1013 =
2672 977 2709 1040 5

432 1076 534 1142 91.
581 1055 790 1147 ἀᾶτσι]
823 1059 1095 1141 βλάπτει
1357 1079 1459 1146 93.
1505 1054 1823 1146 πίλναται]
1856 1058 2185 1140 ἐπιβαίνει,
2217 1055 2629 1140 προσπελάζει

435 1177 577 1247 115.
623 1160 769 1252 ᾔδη]
802 1164 1103 1244 ἠπίστατο
1371 1176 1513 1244 117.
1560 1158 1751 1251 ἐκύει]
1786 1162 1936 1227 κατὰ
1964 1167 2232 1245 γαστρὸς
2261 1161 2430 1246 εἶχεν

435 1286 579 1351 149.
626 1265 1049 1356 κλοτοπεύειν]
1081 1267 1485 1334 ὑποκλέπτειν
1515 1272 1623 1333 τὸν
1654 1268 1866 1348 καιρόν

436 1384 577 1454 150.
624 1369 906 1461 ἄρεκτον]
939 1373 1247 1455 ἄπρακτον
1427 1382 1566 1452 151.
1611 1366 1916 1458 Ἀχιλῆα]
1949 1370 2055 1451 ἐμὲ
2084 1370 2194 1434 τόν
2750 1415 2760 1426 -

434 1487 576 1557 157.
625 1475 728 1541 οὔκ
760 1477 975 1560 ὀλίγον
1001 1471 1256 1564 χρόνον]
1288 1476 1360 1540 οὗ
1389 1474 1538 1557 πρὸς
1566 1473 1810 1557 βραχὺν
1835 1475 2064 1557 χρόνον
2679 1504 2754 1547 10

436 1578 578 1661 167.
624 1581 801 1644 τοῦτό
831 1582 1002 1646 ἐστιν
1032 1582 1068 1643 ὅ
1097 1588 1297 1661 φασιν
1326 1581 1386 1643 οἱ
1420 1576 1668 1661 ῥήτορες
1704 1579 1772 1642 ἐκ
1802 1581 1908 1641 τοῦ
1937 1577 2212 1643 ἐναντίου

434 1700 577 1767 209.
626 1680 1017 1771 κατὰ-ἰείη]
1052 1681 1329 1748 εἰσέλθοι
1594 1699 1741 1766 229.
1788 1676 2002 1768 νηλέα]
2037 1681 2452 1746 ἀταπείνωτον

431 1803 576 1871 230.
621 1782 952 1873 λίπωνται]
988 1791 1485 1868 καταλειφθῶσιν

432 1907 577 1974 239.
624 1885 959 1979 Φυλείδην]
992 1889 1098 1955 τὸν
1127 1896 1233 1955 τοῦ
1261 1888 1512 1956 Φυλέως
1539 1890 1680 1954 υἱόν

434 2012 575 2072 240.
623 1989 1082 2082 Κρειοντιάδην]
1114 1992 1221 2060 τὸν
1249 1998 1357 2058 τοῦ
1389 1993 1711 2075 Κρείοντος
1745 1993 1881 2057 υἱόν
2680 2022 2751 2085 15

432 2114 576 2176 242.
627 2096 794 2180 (ἅμα
827 2102 1014 2177 μῦθος
1058 2098 1185 2176 ἔην,
1215 2095 1541 2162 τετέλεστο
1575 2097 1644 2160 δὲ
1693 2092 1950 2184 ἓργον>]
1982 2093 2162 2159 τοῦτό
2195 2096 2331 2160 ἐστι
2361 2100 2431 2158 τὸ
2461 2096 2645 2178 λεγό-

343 2226 529 2282 μενον
560 2205 580 2237 ‘
598 2198 700 2282 ἀμ’
733 2201 879 2268 ἔπος
908 2200 1006 2281 ἀμ’
1040 2201 1221 2284 ἔργον
1239 2201 1257 2226 ’
1286 2198 1549 2288 (Zenob.
1580 2198 1618 2263 I
1653 2200 1767 2284 77)

433 2321 579 2386 247.
621 2306 1099 2388 ῥητορικῶτατον
1127 2303 1198 2368 τὸ
1227 2311 1264 2341 “
1285 2304 1523 2384 στήσας
1544 2303 1581 2330 ”

431 2420 577 2489 250.
624 2406 838 2495 ἄντην]
869 2406 1171 2492 γράφεται
1203 2414 1240 2444 “
1259 2407 1446 2489 αὐδήν
1460 2406 1497 2434 ”
1527 2428 1645 2473 rec.

433 2512 577 2575 261.
622 2507 734 2600 μή]
768 2511 839 2575 οὗ
1096 2506 1239 2600 μέν]
1269 2510 1390 2592 μήν
1649 2507 1985 2601 ἐπενεΐκαι]
2017 2507 2376 2592 ἠβουλήθην
2678 2548 2755 2590 20

434 2613 579 2700 263.
625 2612 1104 2704 ἀπροτίμαστος]
1137 2613 1176 2695 ἢ
1210 2616 1577 2699 ἀνύβριστος

434 2717 578 2784 266.
626 2714 969 2805 στόμαχον]
1002 2725 1111 2783 τὸν
1138 2719 1506 2802 γοῦργουρον

431 2837 578 2900 270.
625 2825 769 2885 διδῶ
800 2825 987 2887 διδοῖς
1020 2822 1118 2886 καὶ
1147 2827 1254 2885 τοῦ
1289 2808 1367 2887 θ-ἶι
1397 2820 1722 2887 ἐπεκτάσει
1756 2820 2235 2905 <“δίδοισθα”>

437 2938 581 3010 273.
629 2920 969 3012 ἀμήχανος]
1002 2924 1275 3005 ἄβουλος
1538 2923 1686 3007 287.
1724 2920 1930 3012 δειλῇ]
1964 2925 2150 3009 ἀθλία
2178 2944 2295 2987 rec.

435 3045 581 3112 299.
627 3022 893 3114 δαίσειν]
927 3026 1210 3108 ποιήσειν
1470 3047 1618 3114 303.
1665 3024 1876 3116 αὐτόν]
1910 3033 2017 3092 τὸν
2042 3025 2350 3112 Ἀχιλλέα
2676 3068 2751 3128 ²5

432 3150 579 3217 324.
626 3130 801 3214 χήτει
830 3131 1048 3196 τοιοῦδ’
1083 3127 1327 3221 ἀνδρός]
1360 3133 1525 3211 ἐμοῦ.
1579 3134 1634 3217 ᾗ.
1667 3130 1738 3195 τὸ
1766 3134 1952 3215 χῆτος

432 3254 578 3320 330.
627 3235 730 3319 σέ]
760 3234 867 3302 τὸν
895 3233 1257 3317 Πάτροκλον
1515 3253 1664 3322 343.
1708 3230 2031 3322 μέμβλετ’]
2062 3232 2281 3314 μέλλει

432 3340 580 3424 387.
626 3335 944 3427 σύριγγος]
978 3340 1082 3417 τῆς
1112 3337 1518 3421 δορατοθήκης
1541 3391 1556 3404 .

432 3439 580 3527 398.
627 3441 898 3524 ἠλέκτωρ
925 3439 1253 3531 Ὑπερίων]
1277 3440 1506 3510 Ἥλιος
1765 3454 1915 3525 405.
1960 3435 2187 3527 ἤμυσε]
2222 3439 2425 3506 ἔκλινε
2453 3438 2588 3511 Α-ι·

429 3563 581 3624 421.
626 3541 838 3632 μόρος]
870 3551 1052 3628 μοῖρα
2106 3577 2109 3578 ’
2663 3591 2753 3653 *30

1457 3791 1532 3855 Υ.

430 3950 495 4013 4.
541 3928 835 4022 Θέμιστι]
870 3933 1065 4013 Θέμις
1095 3929 1360 4013 Θέμιτος
1391 3930 1492 3995 καὶ
1522 3929 1856 4012 προσθέσει
1886 3934 1994 3994 τοῦ
2023 3928 2068 3992 ’ὅ

432 4054 492 4120 9.
539 4036 728 4101 πίσεα
787 4030 1106 4124 ποιήεντα]
1159 4036 1236 4099 τὰ
1289 4035 1525 4116 ὖδρηλᾶ
1576 4031 1676 4099 καὶ
1732 4033 2054 4114 βοτανῶδη
2104 4033 2319 4118 χωρία,
2368 4031 2490 4097 ἀπὸ
2541 4036 2649 4097 τοῦ
2756 4117 2759 4122 Ι

344 4136 500 4203 εἶναι
529 4139 597 4202 ἐν
625 4138 828 4205 αὺτοῖς
854 4140 1011 4221 ὕδωρ
1039 4140 1202 4203 ὥστε
1229 4137 1483 4203 ποτίσαι

432 4259 536 4326 30.
586 4246 621 4276 “
641 4241 792 4321 ὑπὲρ
820 4242 1010 4323 μόρον
1028 4241 1066 4267 ”
1099 4243 1265 4325 παρὰ
1292 4247 1364 4305 τδ
1390 4238 1836 4323 μεμοιραμένον
1867 4240 1967 4304 καὶ
1995 4246 2067 4305 τὸ
2097 4239 2238 4305 δέον
2673 4276 2750 4340 35

431 4362 536 4429 31.
585 4338 910 4430 ἀλίαστον]
944 4344 1223 4427 χαλεπόν
1484 4363 1589 4429 33.
1634 4340 1870 4432 ἀγῶνα]
1903 4344 2183 4425 ἄθροισιν

430 4464 535 4532 51.
580 4449 842 4512 λαίλαπι
868 4444 1038 4536 ἶσος]
1070 4450 1172 4512 διᾶ
1204 4446 1276 4512 τὸ
1305 4449 1623 4514 σκοτεινὸν
1649 4453 1757 4512 τοῦ
1786 4447 2058 4529 πολέμου

413 4609 458 4646 1.
493 4594 688 4644 ἵσταται
708 4592 934 4650 βεβαὼς
978 4598 1001 4654 fl
1051 4608 1097 4644 2.
1131 4611 1222 4659 pro
1254 4594 1440 4657 κοῦφον
1461 4595 1591 4644 coni.
1612 4595 1682 4643 W
1716 4592 1935 4657 σκληρὸν
1969 4599 1991 4654 ΙΙ
2027 4593 2075 4645 6.
2109 4589 2341 4648 ἐπιβαίνει
2374 4591 2549 4658 σοι-ἱραί
2580 4607 2643 4643 ex

343 4662 412 4724 D,
435 4667 491 4712 at
513 4662 762 4711 incertum
799 4664 820 4720 11
863 4673 937 4709 12.
973 4658 1175 4724 εἰσέλθῃ
1212 4665 1234 4720 n
1275 4673 1352 4723 ²3·
1386 4655 1449 4707 τὸ
1469 4658 1656 4724 Ocllll
1678 4657 1930 4710 ἐπέπασα
