3298 5195
1125 390 1465 449 ιΛιΑΔοΣ
1514 391 1582 449 Β.
1630 384 1761 472 (2)
2472 387 2607 448 499·

386 572 531 639 272.
590 560 760 643 ῥέζω,
822 561 857 622 6
914 559 1164 639 μέλλων
1221 557 1393 643 ῥέξω,
1440 560 1474 622 6
1518 558 1711 641 μέσος
1770 561 2207 640 παρακείμενος
2255 550 2439 643 ἔρογα
2503 558 2602 623 καὶ

295 658 430 726 καθ’
460 663 935 745 ὖπερβιβασμὸν
962 669 1084 729 τῶν
1117 664 1442 746 στοιχείων
1475 662 1659 746 ἔοργα
1690 669 1727 697 “
1748 661 2013 745 ἔοργεν”

386 766 532 847 278.
581 767 660 834 ὣς
696 765 908 849 φάσαν
937 766 975 846 ἡ
1008 761 1270 854 πληθύς]
1306 770 1456 831 κατὰ
1487 766 1741 832 σύνεσιν
1769 765 1839 831 τὸ
1871 768 2082 850 σχῆμα
2107 767 2167 828 Α
2186 779 2240 835 -Ι-

388 868 532 950 285.
581 865 981 958 ἐλέγχιστον]
1018 872 1441 935 ἐπονείδιστον

389 989 531 1054 291.
583 973 811 1056 (πόνος
858 976 1029 1039 ἐστὶν
1074 972 1397 1053 ἀνιηθέντα
1441 969 1769 1061 νέεσθαι>]
1816 975 2010 1038 καίτοι
2052 973 2248 1054 λύπης
2289 997 2364 1054 γε
2416 971 2605 1052 οὔσης
2633 985 2669 1046 5

300 1074 435 1138 οὐδὲ
470 1079 683 1163 μικρᾶς
725 1074 1078 1156 πονήσαντά
1122 1102 1256 1141 τινα
1294 1077 1394 1141 καὶ
1430 1074 1834 1160 μοχθήσαντα
1872 1078 1972 1141 ἐπὶ
2005 1075 2310 1159 πράγματι
2341 1077 2601 1140 ἐπανελ-

300 1182 430 1243 θεῖν
459 1178 764 1261 ἄπρακτον
795 1180 894 1244 καὶ
922 1181 1001 1261 μὴ
1035 1179 1443 1245 ἑκτελέσαντα

390 1297 536 1366 297.
584 1279 934 1372 κορωνίσιν]
978 1281 1015 1363 ἢ
1060 1289 1191 1351 ταῖς
1242 1283 1794 1366 μελαίναις-κόρη
1840 1285 1958 1367 γὰρ
2000 1281 2071 1347 τὸ
2112 1278 2432 1364 μέλαν-ἢ
2477 1285 2610 1351 ταῖς

300 1385 586 1451 ἑοικυίαις
618 1387 902 1469 κορωνίσι
936 1390 1087 1451 κατὰ
1115 1393 1184 1451 τὸ
1217 1388 1549 1468 ἐπικαμπὲς
1577 1391 1685 1450 τοῦ
1715 1385 1900 1466 ξύλου

390 1507 538 1573 303.
571 1489 752 1573 χθιζά
775 1514 839 1553 τε
869 1491 966 1554 καὶ
989 1486 1246 1578 πρωιζά]
1279 1492 1427 1573 χθὲς
1458 1490 1558 1555 καὶ
1587 1490 1813 1572 π’ρῶην.
1856 1488 1915 1573 ξ.
1947 1489 2379 1571 κατεσμίκρυνε
2410 1490 2476 1553 δὲ
2505 1486 2612 1564 τὸν
2643 1511 2717 1555 10

301 1594 551 1672 ἑνναετῆ
580 1594 825 1676 χρόνον,
848 1596 950 1659 ἵνα
977 1594 1060 1674 μὴ
1092 1596 1193 1658 διὰ
1226 1596 1333 1673 τῆς
1364 1591 1757 1676 ἀναμνήσεως
1786 1590 1982 1657 πλέον
2009 1590 2240 1680 ποιήσῃ
2271 1592 2613 1675 ἀγωνιᾶσαι

305 1696 445 1762 τοὺς
468 1694 784 1776 ’Έλληνας
821 1698 958 1760 Α--

392 1801 540 1887 308.
573 1797 836 1888 δράκων]
860 1799 1067 1865 ὅντινά
1089 1809 1286 1883 φησιν
1308 1801 1342 1864 6
1373 1799 1726 1883 Πορφύριος
1757 1797 2008 1864 Σθένιον
2037 1797 2444 1879 ὀνομάζεσθαι
2463 1800 2528 1862 A
2544 1813 2598 1869 -Ι-

587 1903 688 1967 ἐπὶ
718 1900 905 1991 νῶτα]
942 1902 1092 1969 κατά
1353 1897 1678 1991 δαφοινός]
1712 1904 1934 1985 πυρρός

394 2025 541 2092 310.
589 2003 880 2096 ὑπαΐξας]
913 2009 948 2070 6
980 2004 1211 2089 δράκων
2648 2024 2719 2084 15

395 2129 471 2195 31
489 2130 514 2173 1
531 2160 545 2174 .
596 2107 946 2199 στρουθοῖο]
979 2115 1084 2174 τοῦ
1115 2112 1448 2197 τρωγλίτου

396 2232 543 2296 312.
591 2225 608 2252 ‘
631 2215 1123 2294 ὑποπεπτηκότες
1142 2212 1158 2240 ’
1189 2215 1573 2296 ὑποκείμενοι

396 2338 543 2403 314.
590 2312 979 2405 τετριγῶτας]
1056 2318 1382 2400 τρίζοντας,
1462 2317 1807 2401 κράζοντας,
1872 2321 2055 2385 ποιὰν
2122 2318 2334 2402 φωνὴν
2396 2318 2615 2382 ἀποτε-

308 2426 570 2488 λοῦντας

317 2590 322 2595 ,
398 2538 545 2611 325.
585 2520 846 2614 ὄψιμον]
878 2526 1128 2608 βραδύν,
1148 2526 1347 2610 βραδὺ
1377 2526 1912 2611 τελεσθησόμενον
2647 2544 2724 2585 20

399 2649 546 2714 334.
594 2626 998 2717 σμερδαλέον]
1035 2633 1099 2695 ἐκ
1130 2634 1235 2694 τοῦ
1266 2636 1400 2710 σμῶ
1430 2631 1531 2694 καὶ
1562 2630 1712 2711 ἔρδω
1746 2629 1843 2695 καὶ
1878 2635 1985 2694 τοῦ
2011 2630 2157 2696 λίαν

400 2752 550 2818 341.
596 2729 875 2822 ἄκρητοι]
909 2735 973 2797 αἱ
1004 2734 1148 2818 δίχα
1179 2737 1466 2816 κρατῆρος
1497 2733 1665 2798 οἴνου
1693 2735 2008 2816 γινόμεναι
2038 2735 2244 2798 θυσίαι
2388 2810 2395 2816 ,

402 2856 545 2922 344.
598 2833 1036 2924 <ἆστεμφέα>]
1063 2839 1227 2918 παρὰ
1259 2842 1328 2900 τὸ
1366 2836 1611 2918 στρέφω
1639 2838 1969 2920 ῥηματικὸν
1999 2839 2190 2918 ὄνομα
2221 2833 2489 2920 στρεφής
2520 2832 2621 2899 καὶ

310 2940 762 3026 ὖπερβιβασμῷ
807 2945 914 3003 τοῦ
957 2950 986 3004 ἓ
1025 2937 1124 3004 καὶ
1162 2944 1352 3028 τροπῇ
1390 2945 1497 3005 τοῦ
1538 2932 1577 3024 ρ
1622 2943 1710 3009 εἰς
1750 2943 1795 3021 μ
1832 2944 1986 3022 μετὰ
2031 2945 2136 3004 τοῦ
2180 2950 2219 3005 ἃ
2266 2943 2620 3022 στερητικοῦ

314 3041 635 3125 ἀστεμφής
2648 3057 2724 3119 25

401 3148 548 3231 346.
600 3147 634 3230 (
646 3146 751 3212 ἕνα
789 3148 886 3235 καὶ
925 3143 1108 3236 δύο>]
1144 3146 1522 3230 ἆφυέστερον
1552 3149 1879 3214 αἰνίττεται
1913 3147 2218 3233 Ἀχιλλέα
2247 3148 2347 3214 καὶ
2379 3146 2619 3231 Πάτρο·

315 3259 465 3316 κλον
492 3248 529 3330 ἦ
565 3252 872 3333 Θερσίτην
903 3250 1000 3316 καὶ
1031 3253 1089 3317 εἴ
1114 3277 1206 3319 τις
1236 3253 1438 3334 ἔτερος
1466 3257 1736 3319 τοιοῦτος
1765 3251 1904 3314 A=

403 3352 549 3440 348.
598 3350 998 3441 πρὶν-πρίν]
1034 3356 1328 3437 πρότερον
1340 3355 1533 3438 -πρὸ
1562 3360 1669 3419 τοῦ

402 3472 550 3544 353.
602 3456 1084 3545 <aemam->vn
1126 3465 1197 3523 τὸ
1238 3464 1450 3543 σχῆμα
1497 3461 1710 3538 ὅμοιον
1750 3460 1837 3546 τῷ
1868 3464 1901 3493 “
1922 3456 2064 3537 ἐξὸν
2109 3454 2474 3546 καθεύδῘων]
2506 3457 2624 3538 τὴν

316 3563 620 3645 ἐρωμένην
678 3559 965 3651 ἔχῘειν]”
1012 3561 1116 3650 (fr.
1163 3585 1321 3627 eom.
1367 3561 1576 3646 adesp.
1626 3563 1707 3649 83
1756 3562 1859 3627 IV
1902 3584 1964 3647 p.
1996 3563 2125 3643 625
2172 3561 2269 3625 M.
2318 3562 2446 3628 282
2508 3560 2620 3649 K)-
2648 3580 2728 3639 30

315 3668 450 3732 ἔστι
509 3669 574 3732 δὲ
634 3667 702 3730 τὸ
764 3671 975 3750 σχῆμα
1031 3667 1328 3743 Ἀττικόν,
1377 3670 1509 3732 οἷον
1550 3674 1587 3704 “
1604 3666 1856 3751 λέγεται
1900 3666 2006 3730 τὸν
2047 3665 2459 3748 Ἀλέξανδρον
2515 3665 2625 3731 τὸν

317 3772 644 3836 Μακεδόνα
674 3777 901 3852 τρῶσαι
943 3770 1083 3838 τοὺς
1123 3771 1370 3852 Πέρσας
1402 3772 1598 3838 ἐλθὸν
1628 3773 1716 3839 εἶς
1758 3765 2102 3857 [χ]ωρί[ον]
2138 3774 2243 3850 τῆς
2272 3769 2624 3853 Περσίδος”

314 3863 421 3962 (ef.
454 3873 726 3938 Lesbon.
758 3873 838 3938 de
869 3872 978 3958 fig.
1016 3895 1076 3958 p.
1116 3872 1238 3937 188
1272 3872 1525 3961 Valck.)

403 3979 552 4063 363.
599 3978 826 4060 φατρία
861 3979 996 4042 ἐστὶ
1033 3979 1132 4042 καὶ
1180 3980 1549 4064 πλεονασμῷ
1590 3982 1698 4042 τοῦ
1740 3980 1779 4060 β
1824 3978 2088 4059 φρατρία
2129 3975 2226 4043 καὶ
2256 3983 2297 4015 “
2317 3975 2624 4062 φρήτρη·”

212 4079 219 4086 ’
315 4087 387 4146 τὸ
418 4084 484 4146 δὲ
515 4081 743 4163 φατρία
773 4082 895 4146 ἀπὸ
926 4085 1031 4145 τοῦ
1061 4079 1259 4164 πατήρ
1290 4082 1517 4165 πατρός
1544 4082 1770 4165 πατρία
1800 4085 1900 4147 καὶ
1933 4082 2163 4164 φατρία
2653 4096 2732 4157 35

405 4186 553 4269 376.
595 4180 782 4273 μετά]
821 4187 908 4252 εἷς

405 4287 553 4374 388.
606 4284 1003 4377 <τελαμῶν>]
1046 4290 1080 4353 6
1118 4289 1480 4372 ἆναφορεύς,
1523 4293 1630 4356 νῦν
1659 4293 1766 4370 τῆς
1810 4288 2089 4369 ἀσπίδος,
2134 4290 2171 4353 ὅ
2217 4291 2353 4354 ἐστι
2399 4288 2630 4356 πλατὺς

319 4391 480 4474 ὶμάς,
498 4389 609 4474 ἀφ’
634 4390 762 4470 οὔῆ
796 4390 981 4460 ἀσπὶς
1011 4391 1277 4474 ἤρτηται·
1312 4395 1448 4459 ἔστι
1478 4395 1544 4459 δὲ
1575 4394 1781 4475 ἕτερος
1809 4395 2092 4476 τελαμὼν
2111 4399 2217 4458 τοῦ
2248 4392 2463 4476 ξίφους
2479 4392 2618 4455 A=

390 4543 433 4579 1.
457 4528 632 4593 ἔρρογα
657 4533 677 4588 ΙΙ
705 4542 750 4590 3.
774 4527 902 4578 κατὰ
926 4528 1128 4578 σύνεσιν
1149 4547 1249 4579 uon
1271 4535 1465 4580 eertum
1492 4535 1514 4589 ΙΙ
1541 4532 1586 4581 8.
1604 4530 1730 4594 κοβη
1760 4544 1837 4596 14.
1855 4531 1959 4597 logi
1980 4530 2123 4592 πυρὸς
2144 4528 2218 4594 ἦρι
2247 4536 2268 4591 ΙΙ
2298 4542 2373 4580 21.
2399 4528 2632 4593 mlpriu·

320 4596 419 4646 W:
458 4594 517 4643 τὸ
555 4600 575 4654 ΙΙ
617 4609 692 4644 22.
727 4593 840 4657 δίχα
862 4596 946 4652 W,
968 4597 1030 4646 ef.
1057 4597 1140 4645 Et.
1171 4597 1278 4647 ΜΛ
1316 4595 1391 4644 διὰ
1417 4602 1436 4657 ΙΙ
1466 4610 1542 4658 23.
1568 4597 1701 4659 ῥῆμα
1735 4597 1826 4658 μὲν
1848 4597 1890 4645 ὅ.
1921 4603 1941 4656 [Ι
1983 4596 2057 4645 26.
2083 4594 2408 4658 εὐφυέστερον
2431 4596 2477 4644 Α
2504 4599 2525 4655 n
2552 4607 2633 4656 32.

320 4661 536 4723 «τρῶσαι
559 4662 685 4710 ooni.
713 4660 891 4712 Valek.
909 4662 975 4711 ad
997 4663 1120 4712 Eur.
1145 4662 1335 4713 Phoen.
1359 4664 1451 4729 481
1482 4667 1504 4722 ΙΙ
1539 4663 1772 4729 ειιΡΡΙενί
1793 4663 2003 4715 evanida
2027 4677 2088 4714 ex
2111 4661 2257 4712 Lesb.
2295 4667 2316 4722 n
2352 4674 2431 4726 35.
2455 4659 2637 4724 φατρία

321 4728 404 4777 bis
426 4727 522 4779 W:
556 4724 764 4791 φρατρία
781 4728 860 4777 bis
894 4732 916 4789 ΙΙ
954 4730 1033 4791 38.
1060 4726 1228 4792 ἕτερον
1467 4791 1513 4856 k
