3298 5195
1155 352 1502 414 ῙΛιΑΔοΣ
1552 354 1623 413 Δ.
1671 345 1803 434 (4)
2514 346 2640 408 505

431 517 491 583 8.
537 516 1012 609 ἀλαλκομενηίς]
1044 520 1082 599 ἢ
1116 519 1476 585 ἀλάλκουσα
1515 521 1597 606 τῷ
1641 517 1808 601 μένει
1839 519 1876 582 ὅ
1906 520 2040 583 ἐστι
2068 521 2408 598 βοηθοῦσα,
2439 513 2477 595 ἢ
2507 515 2545 596 ἦ
2579 516 2647 580 ἐν

340 618 826 703 Ἀλαλκομεναῖς
856 624 1037 689 πόλει
1081 626 1244 707 παρα
1290 627 1580 690 Βοιωτοῖς
1618 620 1941 704 τιμωμένη,
1989 621 2136 688 ἔνθα
2181 618 2280 686 καὶ
2339 617 2645 684 Ἀλαλκο-

341 722 553 804 μένιον
597 723 858 807 Ἀθηνᾶς
903 727 1087 809 ἱερόν,
1125 723 1163 806 ἢ
1205 727 1329 792 ἀπὸ
1370 724 1951 810 Ἀλαλκομεν<ί>ου
1996 726 2170 807 ὄρους
2212 726 2320 803 τῆς
2349 721 2644 801 Ἀττικῆς,

342 823 382 907 ἢ
413 826 552 911 παρ’
582 827 1029 912 Ἀλαλκομένει
1059 834 1364 912 τραφεῖσα
1402 829 1570 916 (τῷ)
1607 830 1852 915 Βοιωτῷ

436 949 462 994 1
483 950 535 996 1.
581 928 1069 1021 παρμέμβλωκε]
1103 932 1437 1015 παραμένει
1708 945 1807 1014 15.
1854 926 2053 1019 αὖτις]
2086 932 2154 995 ἐκ
2183 927 2464 1013 δευτέρου
2674 957 2713 1019 5

436 1033 535 1098 16.
582 1032 1019 1124 ἀμφοτέροισι]
1049 1037 1259 1118 Τρωσὶ
1290 1038 1389 1101 καὶ
1413 1035 1727 1117 Ἕλλησιν

430 1156 538 1223 43.
587 1139 847 1218 ζητεῖται
875 1145 1000 1207 πῶς
1030 1141 1064 1203 6
1095 1139 1247 1207 Ζεὺς
1286 1142 1358 1227 τῇ
1381 1138 1550 1225 Ἥρᾳ
1595 1139 1721 1221 ἅμα
1762 1141 1875 1219 μὲν
1921 1138 2074 1203 ἑκὼν
2114 1138 2383 1214 δίδωσιν,
2415 1136 2540 1218 ἅμα
2581 1137 2648 1201 δὲ

343 1239 526 1307 ἄκων.
606 1241 779 1307 ἔστιν
823 1242 929 1306 οὖν
970 1244 1181 1318 εἰπεῖν,
1225 1244 1318 1308 ὅτι
1368 1244 1521 1308 ἑκὼν
1563 1245 1679 1323 μὲν
1723 1245 1972 1307 δίδωσιν
2017 1241 2097 1308 ὥς
2141 1240 2217 1305 ἂν
2263 1241 2502 1328 ἀδελφῇ
2552 1238 2650 1304 καὶ

343 1343 598 1426 γυναικί,
651 1344 813 1410 ἄκων
857 1344 943 1424 δέ,
991 1346 1085 1409 ὅτι
1130 1345 1269 1413 τοὺς
1312 1345 1645 1428 φιλτάτους
1689 1342 1901 1433 πῘρὸς]
1949 1345 2261 1410 ἀπώλειαν
2305 1344 2645 1408 ἐκδίδωσιν·

336 1448 447 1512 καὶ
492 1448 609 1531 γὰρ
654 1450 714 1513 ot
760 1450 828 1515 ἐν
871 1449 1161 1537 θαλάσσῃ
1205 1448 1516 1527 πλέοντες,
1562 1449 1792 1514 ὁπόταν
1835 1447 2215 1532 περιπέσωσι
2247 1447 2513 1534 κινδύνῳ,
2547 1450 2646 1513 ἐκ·
2679 1473 2755 1517 1ο

345 1549 661 1631 βάλλουσι
707 1553 816 1617 τὸν
864 1554 1095 1635 φόρτον
1153 1555 1242 1620 είς
1299 1553 1410 1633 τὴν
1457 1552 1785 1618 θάλασσαν
1835 1554 2074 1619 ἑκόντες
2118 1576 2186 1617 τε
2234 1549 2333 1616 καὶ
2378 1550 2646 1625 ἄκοντες,

348 1656 606 1736 ἑκόντες,
670 1659 773 1722 ἵνα
846 1661 1118 1738 σωθῆναι
1191 1661 1549 1735 δυνηθῶσιν,
1609 1655 1860 1723 ἄκοντες
1933 1653 2021 1732 δέ,
2079 1656 2174 1719 ὅτι
2247 1654 2354 1719 τὸν
2417 1656 2648 1739 φόρτον

345 1759 829 1845 ἀπο<λ>λύουσι
858 1760 934 1826 δι’
965 1760 1040 1827 ὃν
1068 1760 1365 1826 πλέουσιν

434 1882 543 1945 49.
576 1860 829 1953 λοιβῆς]
854 1868 1122 1944 σπονδῆς
1316 1865 1420 1928 60.
1450 1860 1663 1953 γενεῇ]
1695 1866 1769 1952 τῇ
1798 1862 2007 1950 ἡλικίᾳ
2035 1861 2074 1944 ἦ
2105 1865 2177 1951 τῇ
2209 1862 2480 1947 εὐγενείᾳ
2503 1860 2558 1925 Β
2577 1878 2633 1931 -Ι-

436 1969 539 2032 62.
584 1964 975 2056 ὑποείξομεν]
1009 1966 1492 2052 συγχωρήσομεν
2679 1990 2752 2051 15

345 2116 352 2123 -
435 2068 540 2136 68.
586 2072 782 2152 φασίν
811 2095 988 2150 τινες,
1011 2072 1091 2139 ὥς
1121 2071 1225 2135 οὐκ
1257 2073 1483 2152 ἀσεβεῖ
1510 2073 1544 2135 6
1578 2071 1915 2153 Πάνδαρος,
1935 2073 1990 2137 εί
2016 2071 2054 2151 ἦ
2083 2070 2317 2150 Ἀθηνᾶ
2348 2068 2646 2150 συνεβού-

349 2182 537 2239 λευσε
568 2174 667 2238 καὶ
696 2175 730 2237 6
761 2173 915 2242 Ζεὺς
943 2174 1347 2241 ἀπέσταλκεν.
1421 2175 1637 2258 ῥητέον
1665 2175 1752 2251 δέ,
1783 2176 1877 2239 ὅτι
1907 2177 1941 2239 6
1969 2178 2084 2257 μὲν
2114 2174 2266 2242 Ζεὺς
2307 2173 2480 2241 εἰδὼς
2508 2173 2648 2240 τοὺς

350 2278 562 2360 ὅρκους
608 2283 801 2344 κακῶς
848 2276 1549 2361 γεγενημένους-οῦδὲν
1598 2281 1717 2362 γὰρ
1760 2278 1964 2361 ἕτερον
2005 2283 2210 2360 Τρῶες
2267 2274 2305 2357 ἢ
2359 2278 2461 2341 ἐπὶ
2520 2280 2649 2343 τοῖς

350 2380 698 2463 ἀλλοτρίοις
734 2381 1171 2462 ὤμοσαν-διὰ
1199 2386 1377 2445 τοῦτο
1409 2382 1757 2448 ἐσπούδασε
1785 2383 2041 2459 λυθῆναι
2081 2381 2189 2448 τὰς
2220 2382 2459 2447 ἀδίκους
2501 2405 2646 2445 συν·

349 2482 556 2563 θήκας’
597 2482 868 2564 Ἀθηνᾶν
896 2485 962 2549 δὲ
993 2490 1098 2550 νῦν
1126 2485 1514 2564 ὑποληπτέον
1541 2490 1648 2549 τὸν
1681 2486 1986 2569 λογισμὸν
2014 2488 2121 2550 τοῦ
2153 2482 2492 2566 Πανδάρου“
2548 2484 2648 2548 καὶ
2678 2509 2755 2551 20

351 2587 531 2656 αὐτὸς
551 2586 701 2671 πρὸς
726 2587 938 2654 ἑαυτὸν
956 2594 1142 2653 ταῦτα
1172 2590 1563 2672 διελογίζετο·
1608 2587 1861 2655 ἄπιστοι
1889 2588 2006 2673 γὰρ
2028 2588 2331 2656 Λυκάονες
2347 2585 2647 2676 (Aristob.

350 2689 425 2755 fr.
447 2704 561 2773 151
595 2691 724 2779 R.).
755 2692 940 2757 ἄλλοι
958 2695 1025 2757 δὲ
1049 2693 1148 2756 καὶ
1166 2693 1368 2759 αὐτοῖς
1392 2692 1600 2777 (τοῖς)
1627 2691 1898 2774 Ὁμήρου
1913 2692 2165 2759 λύοντές
2184 2699 2345 2774 φασι
2363 2717 2647 2773 προειρη-

354 2794 520 2860 κέναι
549 2795 656 2859 τὸν
677 2795 935 2876 ποιητὴν
956 2800 991 2831 “
1001 2799 1236 2879 πειρᾶν,
1257 2799 1317 2861 εἴ
1345 2821 1412 2860 κε
1435 2795 1691 2884 θέλῃσιν
1709 2797 1741 2823 ”
1769 2796 1904 2879 (66,
1928 2794 2056 2883 71),
2082 2795 2222 2880 οὐχὶ
2244 2798 2480 2861 πείθειν
2500 2794 2640 2857 Α.-..

441 2897 542 2965 88.
587 2902 687 2964 διὰ
717 2900 779 2962 τί
805 2898 841 2978 ἦ
872 2898 1102 2978 Ἀθηνᾶ
1134 2900 1219 2966 είς
1250 2899 1552 2983 σύγχυσιν
1597 2906 1718 2965 τῶν
1746 2901 1941 2982 ὅρκων
1985 2898 2055 2963 οὔ
2097 2904 2219 2964 τῶν
2245 2899 2471 2981 Τρώων
2513 2897 2651 2963 τινὰ

353 3001 687 3082 ἐπελέξατο
718 3001 886 3067 ἀλλὰ
915 3008 1037 3069 τῶν
1066 3003 1680 3086 ἐπικούρων-καίτοι
1712 3000 2149 3087 κεχαρισμένος
2177 3002 2254 3066 ἄν
2284 3026 2374 3068 τις
2405 3001 2648 3085 ἐγένετο
2681 3027 2757 3091 ²5

349 3104 734 3191 Ἀλεξάνδρῳ
764 3109 1025 3186 μᾶλλον,
1059 3108 1113 3171 εί
1144 3112 1263 3170 τῶν
1292 3107 1532 3172 οἰκείων
1559 3105 1824 3186 ἧν-καὶ
1846 3108 1948 3171 διᾶ
1968 3105 2031 3169 τί
2050 3110 2168 3170 τῶν
2198 3104 2530 3188 ἐπικούρων
2544 3104 2651 3170 τὸν

353 3207 678 3292 Πάνδαρον
695 3207 1028 3288 ἐπελέξατο
1044 3233 1067 3284 ,·
1100 3209 1203 3274 καί
1217 3216 1413 3291 φησιν
1431 3206 1865 3292 Ἀριστοτέλης
1883 3207 1987 3293 (fr.
2009 3220 2086 3289 15
2099 3228 2123 3271 1
2148 3206 2273 3295 Ε),
2286 3208 2380 3271 ὄτι
2400 3213 2522 3273 τῶν
2540 3210 2653 3288 μὲν

350 3313 576 3396 Τρῶων
598 3310 827 3387 οὐδένα,
857 3313 1013 3377 διότι
1045 3311 1267 3380 πάντες
1298 3312 1479 3378 αὐτὸν
1503 3314 1769 3393 ἐμίσουν,
1798 3313 1878 3380 ὣς
1907 3314 1941 3376 6
1971 3309 2225 3393 ποιητής
2248 3306 2444 3393 φησιν
2465 3312 2654 3377 “ῖσον

353 3415 469 3499 γάρ
489 3424 643 3498 σφιν
665 3420 858 3482 πᾶσιν
880 3413 1195 3500 ἀπήχθετο
1217 3417 1350 3499 κηρὶ
1370 3414 1674 3503 μελαίνῃ”
1693 3415 1801 3500 (Il.
1822 3436 1938 3502 3.4
1941 3414 2071 3502 54),
2089 3421 2209 3480 τῶν
2234 3415 2298 3480 δὲ
2321 3415 2654 3495 ἐπικούρων

353 3519 461 3585 τὸν
491 3517 814 3601 Πάνδαρον
842 3517 1169 3599 ἐπελέξατο
1200 3519 1280 3587 ὥς
1311 3517 2117 3602 φιλοχρήματον-σημεῖον
2146 3521 2212 3584 δὲ
2236 3518 2274 3599 ἡ
2300 3524 2419 3583 τῶν
2447 3520 2652 3582 ἵππων
2681 3545 2760 3604 30

354 3624 538 3688 αὐτοῦ
567 3621 668 3688 ἐπὶ
690 3625 857 3687 οἴκου
888 3621 1269 3703 κατάλειψις,
1286 3625 1389 3687 ἵνα
1404 3623 1488 3704 μὴ
1508 3623 1747 3707 δαπανᾷ
1767 3622 1878 3707 (ll.
1900 3636 1962 3703 5.
1988 3621 2329 3706 192)-xa2
2351 3623 2446 3687 ὅτι
2465 3621 2654 3703 φύσει

356 3728 653 3810 ἐπίορκος·
693 3725 763 3791 τὸ
792 3730 943 3810 γοῦν
970 3726 1145 3793 ἔθνος
1174 3727 1265 3792 ἔτι
1295 3727 1395 3791 καὶ
1425 3731 1532 3793 νῦν
1554 3731 1721 3791 δοκεῖ
1750 3727 1905 3791 εἶναι
1928 3728 2231 3808 ἐπίορκον,
2251 3727 2394 3791 ὅθεν
2423 3727 2654 3798 ἐκεῖνος

352 3821 449 3912 ἦν·
511 3831 570 3895 οῖ
614 3828 681 3896 δέ
726 3838 940 3912 φασιν,
985 3830 1081 3895 ὅτι
1124 3829 1376 3913 ἀρίστου
1419 3828 1495 3911 ἦν
1537 3830 1719 3914 χρεία
1762 3833 1869 3894 τοῦ
1903 3828 2232 3911 δυναμένου
2268 3826 2651 3913 καταστοχά-

356 3939 590 3999 σασθαι
623 3935 721 4000 καὶ
750 3939 995 4016 τρῶσαι,
1018 3933 1125 3998 οὔκ
1152 3931 1230 4013 ἦν
1251 3932 1319 3999 δέ
1350 3958 1441 4000 τις
1471 3936 1539 3999 ἐν
1562 3936 1645 4020 τῷ
1669 3936 1918 4020 Τρωικῷ
1946 3932 2117 4015 μέρει
2146 3932 2397 4013 τοξότης
2426 3932 2653 4015 εὐφυὴς

355 4034 393 4118 ἢ
422 4035 831 4120 Ἀλέξανδρος
864 4038 963 4122 καὶ
995 4036 1331 4120 Πάνδαρος·
1395 4035 1492 4101 καὶ
1522 4037 1622 4102 διὰ
1652 4042 1829 4101 τοῦτο
1860 4034 2194 4117 ἐπελέξατο
2223 4037 2407 4102 αὐτόν
2437 4035 2568 4110 Α-Ι-
2678 4058 2759 4119 35

445 4159 549 4225 91.
597 4139 930 4225 Αἰσήποιο]
963 4142 1238 4221 Αἴσηπος
1268 4141 1536 4223 ποταμὸς
1563 4144 1673 4220 τῆς
1701 4141 1819 4205 ὑπὸ
1846 4143 1918 4228 τῇ
1943 4141 2074 4228 Ἴδῃ
2106 4143 2330 4208 Λυκίας

449 4264 591 4330 103.
639 4239 924 4332 Ζελείης]
956 4244 994 4324 ἡ
1025 4247 1142 4328 γὰρ
1171 4243 1289 4309 ὑπὸ
1324 4245 1396 4331 τῇ
1422 4244 1554 4331 Ἴδῃ
1585 4245 1777 4309 Λυκία
1807 4243 2031 4310 Ζέλεια
2061 4246 2340 4310 ἐκαλεῖτο
2370 4244 2502 4314 Α-ι-

450 4361 590 4430 105.
639 4342 864 4435 ἐσύλα]
898 4348 1172 4430 ἐγύμνου,
1206 4346 1470 4429 ἐξέβαλε
1500 4350 1606 4427 τῆς
1634 4346 1824 4427 θήκης

429 4507 474 4543 2.
509 4491 682 4543 πόλεσι
706 4498 731 4555 fl
757 4507 802 4553 2,
826 4506 871 4555 3.
897 4490 1302 4552 Ἀλαλκομένειον
1324 4493 1376 4542 D
1400 4498 1422 4553 u
1461 4508 1505 4557 3.
1528 4508 1585 4541 au
1620 4492 1756 4557 plevi
1780 4509 1841 4542 ex
1876 4492 1925 4542 D
1950 4499 1972 4553 ΙΙ
1997 4510 2044 4557 4.
2068 4491 2178 4555 παρ’
2200 4488 2551 4552 Ἀλαλκομένει
2573 4492 2653 4541 D:

358 4557 488 4621 παρὰ
509 4557 796 4621 ’Δλκομένει
839 4564 860 4620 u
903 4559 1134 4624 supplevi
1157 4571 1220 4609 ex
1245 4559 1294 4609 D
1331 4564 1353 4619 ΙΙ
1391 4572 1435 4622 5.
1473 4561 1586 4608 δεντ
1611 4574 1699 4622 ρον
1722 4573 1826 4607 non
1846 4563 2041 4608 omnm
2076 4564 2099 4618 fl
2141 4558 2314 4619 16-23.
2347 4573 2479 4622 quae
2507 4574 2567 4607 a
2590 4558 2658 4606 B·

356 4640 528 4740 W
551 4626 596 4675 Τ
614 4625 859 4691 supplevi.
880 4625 1002 4691 quia
1021 4630 1160 4676 certa
1180 4630 1319 4687 nunt,
1341 4640 1444 4675 non
1465 4625 1671 4676 enotavi
1710 4628 1731 4684 ΙΙ
1768 4636 1849 4687 33,
1872 4637 1952 4688 34.
1974 4622 2152 4687 τρῶσαι
2174 4621 2253 4673 καὶ
2275 4639 2480 4672 numer.
2504 4628 2563 4673 ut
2584 4624 2655 4690 A,
