3298 5195
695 343 824 407 502
1531 341 1874 401 ιΛΙΑΔοΣ
1921 341 1986 399 r.
2033 333 2167 422 (3)

784 532 888 598 99.
932 508 1237 600 πέποσθε]
1272 513 1614 576 πεπόνθατε

788 637 933 681 100.
980 612 1200 704 ἀρχῆς]
1244 614 1378 694 ἤτοι
1418 618 1523 693 τῆς
1565 614 1682 679 ὑπὸ
1709 611 2122 695 Ἀλεξάνδρου
2149 611 2478 696 γενομένης
2509 612 2799 694 ἁρπαγῆς·
2854 611 3006 691 αὕτη

696 721 814 805 γὰρ
844 721 1000 804 ἀρχὴ
1035 725 1220 784 κακοῦ

790 842 936 909 103.
983 818 1213 910 οἴσετε]
1248 824 1307 887 οἱ
1336 827 1540 905 Τρῶες
1807 840 1950 900 104.
1997 816 2200 909 ἡμεῖς]
2234 823 2294 885 οῑ
2314 818 2626 899 Ἕλληνες

636 937 669 996 5
791 940 934 1008 107.
977 922 1358 1014 ὑπερβασίῃ]
1393 923 1767 1008 παραβάσει,
1802 925 2003 1008 ἀδικίᾳ

792 1029 934 1097 108.
978 1025 1356 1116 ἠερέθονται]
1419 1027 1553 1108 ἤτοι
1613 1030 2057 1110 ἆπαιωροΰνται
2118 1025 2458 1107 κρέμανται,
2520 1026 2652 1090 οἷον
2711 1024 2817 1088 οὑκ
2879 1024 3007 1089 εἰσὶ

701 1135 991 1215 σταθεραὶ
1039 1129 1184 1196 ἀλλ’
1238 1131 1547 1213 ἀβέβαιοι,
1593 1129 1630 1211 ἢ
1679 1132 2062 1212 μετάβλητοί
2115 1131 2238 1194 εἰσι
2288 1132 2389 1194 διά
2440 1128 2510 1192 τὸ
2557 1128 2665 1191 τὸν
2710 1127 2859 1209 ἀέρα
2907 1129 3005 1192 ἀεὶ

697 1237 1207 1318 μεταβάλλεσθαι
1473 1255 1613 1320 113.
1661 1238 1728 1300 ἐκ
1760 1236 1809 1300 δ’
1843 1231 2029 1323 ἔβαν]
2064 1233 2412 1313 κατέβησαν
2442 1232 2508 1297 δέ

793 1353 940 1422 115.
986 1342 1177 1422 ἀμφὶς
1207 1339 1457 1424 ἄρουρα]
1489 1340 1557 1403 τὸ
1585 1340 1948 1423 μεταίχμιον
1979 1339 2261 1418 δηλονότι
2486 1354 2630 1417 119.
2674 1331 2834 1422 ἄρν’]
2868 1334 2977 1398 ἕνα

603 1463 677 1504 10
796 1463 937 1512 121.
975 1439 1155 1532 Ἶρις]
1204 1445 1490 1525 σημαίνει
1525 1446 1653 1519 δύο,
1694 1443 1805 1522 τὴν
1840 1445 2218 1523 σωματοειδῆ
2251 1443 2398 1505 θεάν
2429 1441 2527 1505 καὶ
2558 1446 2628 1503 τὸ
2660 1443 3006 1520 νεφελῶδες

702 1547 984 1627 σύστημα

683 1700 694 1706 -
791 1669 936 1719 122.
980 1648 1218 1740 γαλόῳ]
1251 1651 1289 1731 ἦ
1320 1649 1529 1735 γάλως
1557 1654 1665 1730 τῆς
1693 1650 1864 1734 γάλω
1897 1651 1995 1714 καὶ
2026 1648 2391 1732 πλεονασμῷ
2425 1652 2529 1711 τοῦ
2558 1651 2593 1710 ὅ
2620 1646 2828 1728 γαλόω

979 1750 1439 1843 Ἀντηνορίδαο]
1473 1760 1579 1819 τοῦ
1606 1757 1741 1819 υἱοῦ
1771 1759 1876 1818 τοῦ
1906 1751 2271 1832 Ἀντήνορος
2299 1747 2663 1815 Ἑλικάονος

793 1857 936 1926 126.
984 1855 1358 1947 ἐνέπασσεν]
1407 1859 1845 1923 ἑνεποίκιλλεν·
1907 1858 2050 1921 ὅθεν
2095 1854 2297 1919 καὶτὰ
2327 1854 2582 1917 ποικίλα
2611 1850 3003 1935 παραπετάσ-

577 1983 673 2045 ¹15
699 1988 861 2044 ματα
890 1961 1112 2028 παστοὶ
1144 1940 1467 2029 καλοῦνται

689 2123 697 2131 .
792 2079 938 2152 135.
982 2062 1528 2154 παρὰ-πέπηγεν]
1563 2064 1918 2148 παράκειται
1948 2064 2151 2131 αὐτοῖς

685 2206 689 2213 ·
791 2172 936 2234 160.
982 2166 1294 2258 τεκέεσσι]
1328 2175 1455 2236 τοῖς
1485 2169 1713 2236 τέκνοις

790 2274 937 2339 166.
972 2275 1214 2355 ἀπορία.
1268 2272 1548 2352 ἐζήτηται
1579 2279 1707 2339 πῶς
1737 2273 2013 2354 Πρίαμος
2038 2273 2105 2335 ἑν
2133 2272 2215 2356 τῷ
2251 2268 2290 2333 ι’
2318 2270 2443 2334 ἔτει
2473 2266 2835 2337 πυνθάνεται
2864 2269 3007 2349 περὶ

702 2381 823 2440 τῶν
862 2378 1142 2458 ἀρίστων.
1203 2378 1412 2456 ἐπειδὴ
1450 2378 1745 2459 πρότερον
1789 2377 1927 2457 περὶ
1962 2377 2068 2442 τᾶς
2111 2374 2541 2456 ἀστυγείτονας
2571 2373 2784 2438 πόλεις
2815 2373 3007 2435 ἐπλα-

600 2500 677 2544 20
706 2486 913 2555 νῶντο,
958 2486 1063 2545 νῦν
1106 2482 1172 2544 δὲ
1217 2476 1739 2567 προ[σ]κάθηνται
1783 2481 1855 2566 τῇ
1903 2475 2088 2563 Ἰλίῳ.
2153 2476 2190 2556 ἢ
2222 2479 2317 2542 ὅτι
2347 2482 2584 2558 πρῶτον
2611 2479 2723 2556 μὲν
2753 2475 2857 2539 οὔκ
2891 2474 3007 2556 ἦγε

705 2583 947 2667 σχολὴν
987 2582 1282 2648 πυθέσθαι
1321 2585 1461 2664 περὶ
1498 2582 1710 2662 αὐτῶν,
1751 2588 1857 2647 τοῦ
1894 2579 2237 2667 Ἀχιλλέως
2279 2583 2544 2665 ἰσχυρῶς
2573 2579 2777 2647 αὑτοῖς
2807 2581 3004 2662 ἐγκει-

696 2685 881 2768 μένου
919 2687 1019 2751 aaz
1068 2687 1257 2769 μόνον
1310 2688 1521 2753 ἑαυτὸν
1568 2686 1769 2753 αὐτοῖς
1814 2685 2258 2751 ἑπιδεικνύντος
2304 2687 2402 2750 καὶ
2449 2686 2531 2769 τῷ
2582 2684 2766 2768 φόβῳ
2822 2675 3037 2746 κατα-·>

701 2791 1020 2857 κλείστους
1060 2791 1779 2873 ποιοῦντος-ἐφρόντιζε
1824 2792 1942 2872 γὰρ
1994 2787 2063 2853 τὸ
2121 2793 2446 2867 τηνικαῦτα
2504 2789 2539 2850 ὁ
2599 2787 2872 2868 Πρίαμος
2933 2785 3006 2848 οὗ

701 2892 840 2977 περὶ
877 2895 1123 2972 τούτων,
1154 2894 1319 2959 ἀλλὰ
1361 2892 1497 2976 περὶ
1536 2898 1640 2957 τοῦ
1679 2891 1985 2978 σῴζεσθαι
2021 2892 2131 2972 τὴν
2171 2893 2545 2956 πόλιν-νῦν
2577 2893 2644 2955 δὲ
2671 2896 3007 2970 μηνιῶντος

589 3015 675 3076 ,35
697 2999 936 3063 ,ἐκείνου
977 2999 1074 3064 καὶ
1124 2999 1455 3079 ἰσορρόπου
1493 3001 1601 3076 τῆς
1642 2995 1844 3080 μάχης
1887 2995 2310 3079 γεγενημένης,
2347 2996 2427 3062 ὣς
2472 2996 2570 3059 καὶ
2614 3000 2719 3057 τοῦ
2764 2994 3008 3076 τείχους

692 3103 888 3185 ,χωρὶς
927 3107 1220 3182 πολεμεῖν
1247 3101 1385 3168 τοὺς
1421 3105 1651 3183 Τρῶας,
1684 3101 1929 3167 εἰκότως
1973 3098 2109 3182 περὶ
2148 3099 2343 3164 αὐτῶν
2372 3097 2751 3164 πυνθάνεται.
2812 3097 3009 3178 ἕτεροι

693 3202 769 3268 δέ
807 3213 1020 3287 φασιν,
1053 3207 1148 3270 ὅτι
1185 3206 1306 3270 ἀπὸ
1345 3209 1452 3284 τῆς
1489 3205 1837 3271 πανοπλίας
1878 3202 1976 3268 καὶ
2015 3207 2136 3267 τῶν
2164 3205 2369 3268 ἵππων
2406 3201 2618 3268 αὐτοὺς
2659 3200 3004 3283 ἐγνώριζον,

695 3309 996 3391 ,πρότερον
1026 3312 1094 3374 δὲ
1123 3309 1192 3373 οὗ
1222 3309 1471 3373 τεθέατο
1503 3309 1656 3372 οὕτω
1688 3307 1917 3374 πάντας
1947 3308 2216 3373 ἀόπλους
2247 3306 2327 3372 ὥς
2357 3311 2463 3370 νῦν
2490 3305 2624 3375 Α-Ι-

792 3426 942 3494 172.
988 3409 1187 3500 ἑκυρέ]
1224 3412 1428 3495 ἑκυρὸς
1458 3417 1621 3493 παρὰ
1651 3415 1780 3478 τοῖς
1810 3411 2086 3494 ἀρχαίοις
2116 3411 2149 3471 ὁ
2182 3415 2286 3472 τοῦ
2317 3411 2532 3490 ἀνδρὸς
2561 3405 2757 3489 πατήρ

599 3542 677 3603 30
795 3530 940 3598 175.
984 3512 1349 3604 τηλυγέτην]
1381 3517 1701 3597 μονογενῆ.
1762 3513 2081 3596 ἀγαπητὴν
2114 3517 2414 3595 μονογενῆ
2532 3509 3007 3600 [κα]ταχρηστι-

704 3625 820 3687 κῶς
861 3622 927 3683 δὲ
959 3620 1147 3684 εἶπεν·
1200 3614 1477 3706 [κυρί]ως
1515 3620 1631 3701 γᾶρ
1674 3617 1993 3700 τηλύγετοι
2038 3621 2363 3682 καλοῦνται
2408 3617 2467 3679 οἱ
2504 3619 2654 3695 τῆλε
2685 3617 2791 3695 τῆς
2819 3618 3009 3698 γονῆς

704 3719 939 3810 [ὅν]τες
989 3727 1218 3800 παῖδες,
1261 3723 1298 3785 ὅ
1349 3723 1521 3785 ἐστιν
1574 3723 1634 3785 οῑ
1699 3717 1825 3809 [ἐκ]
1886 3724 2236 3803 γεροντικῆς
2293 3719 2535 3799 ἡλικίας
2590 3715 3006 3807 [σπ]αρέντες·

701 3831 869 3891 δοκεῖ
896 3828 1012 3908 γὰρ
1040 3821 1174 3912 [τὰ]
1209 3828 1362 3905 μετὰ
1391 3826 1745 3909 ἀπόγνωσιν
1777 3820 1941 3912 [τῆς]
1976 3824 2362 3890 παιδοποιίας
2391 3824 2737 3906 γεννώμενα
2763 3827 3013 3903 μᾶλλον

702 3930 1059 4012 ἀγαπᾶσθαι
1087 3927 1226 3991 A:
1349 3983 1356 3988 .

597 4052 676 4114 35
793 4031 941 4114 176.
986 4028 1305 4120 τέτηκα]
1265 4058 1399 4111 ητοι
1431 4032 1720 4112 ἑκτέτηκα
2004 4028 2148 4097 180.
2193 4027 2373 4119 δαήρ]
2407 4028 2625 4113 α’νδρὸς
2654 4029 2925 4112 ἀδελφός

794 4134 939 4220 183.
984 4131 1380 4225 δεδμήατο]’
1341 4162 1476 4215 ητοι
1503 4131 1975 4218 ὑποτεταγμένοι
2005 4136 2168 4200 εἰσίν

793 4238 939 4306 186.
985 4239 1235 4321 Ὀτρεὺς
1281 4240 1379 4303 καὶ
1423 4240 1693 4318 Μυγδὸν
1738 4239 2163 4319 παραδίδονται
2214 4236 2360 4318 ἡμῖν
2413 4244 2625 4307 παῖδες
2674 4237 3013 4319 Δύμαντος,

700 4339 968 4426 α’δελφοὶ
997 4347 1105 4423 τῆς
1134 4341 1427 4424 Εκάβης,
1456 4346 1749 4423 βασιλεις
1780 4342 2049 4424 Φρυγίας

795 4448 937 4529 187.
983 4446 1121 4529 παρ’
1155 4442 1376 4535 ὄχθας]
1409 4449 1572 4528 παρὰ
1601 4449 1677 4509 τὰ
1705 4446 1887 4530 χείλη
2066 4448 2210 4528 196.
2256 4443 2490 4535 sev-Oxos]
2527 4444 2689 4527 κριός

771 4580 846 4628 13.
872 4564 1160 4616 Ἐλικάωνος
1206 4571 1227 4627 ΙΙ
1278 4580 1356 4626 24.
1390 4582 1503 4627 μηνι
1487 4564 1655 4615 acm-ros
1676 4568 1831 4616 etim
1851 4567 1933 4617 A:
1966 4565 2219 4630 μηνίοντος
2240 4566 2285 4614 Β
2333 4571 2354 4626 n
2405 4567 2481 4615 28.
2516 4563 2726 4614 ἀόπλους
2747 4567 2902 4616 etiam
2924 4567 3011 4619 D.

700 4658 946 4778 ἔνόῖἒβους
912 4660 1067 4710 5A13²
1092 4664 1113 4719 ΙΙ
1141 4674 1318 4723 30-33.
1341 4661 1501 4711 recisa
1520 4660 1753 4724 supplevi
1774 4675 1835 4712 ex
1860 4663 1904 4711 L
1943 4667 1963 4722 ΙΙ
2002 4676 2079 4726 34.
2103 4662 2218 4712 add.
2244 4678 2342 4711 rec.
2368 4661 2568 4723 σχῆμαι
2572 4648 2737 4710 οπτω.
2767 4659 2861 4724 ζημ
2881 4660 3013 4711 κατὰ
