3298 5195
1179 334 1521 395 ιΛιΑΔοΣ
1570 336 1635 394 Β.
1684 328 1770 415 (2
1795 326 1819 415 )
2514 331 2642 393 495

424 503 574 588 569.
620 501 1093 592 ἐπιγνάμψασα]
1130 501 1533 586 ἐπικάμψασα
1564 501 1700 582 ἤτοι
1731 498 2050 582 πραΰνασα
2083 505 2216 564 Α-

389 670 395 678 ,
425 619 575 690 570.
622 601 942 695 ὄχθησαν]
976 605 1405 690 ἠγανάκτησαν
1556 655 1565 663 -

426 722 574 793 571.
620 712 654 775 ὁ
698 710 893 794 αίθήρ,
936 711 1008 775 τὸ
1053 711 1316 794 καθαρὸν
1362 710 1458 774 καὶ
1502 710 1743 791 διαυγὲς
1788 713 1923 791 πῦρ,
1967 707 2120 776 Ζεύς
2164 712 2316 785 ἐστι,
2346 709 2418 774 τὸ
2462 714 2531 776 δὲ
2576 712 2644 774 ἐν

338 813 562 897 χρήσει
608 815 706 879 καὶ
749 816 1064 899 ἀερομιγές
1094 814 1471 898 Ἥφαιστος,
1504 812 1626 877 ἀπὸ
1663 818 1770 878 τοῦ
1808 812 2001 893 ἧφθαι
2039 812 2484 895 ὠνομασμένος.
2546 814 2646 878 διὰ

339 924 518 982 τοῦτο
559 920 660 983 καὶ
701 921 770 983 ἐκ
813 918 962 986 Διὸς
992 920 1089 984 καὶ
1125 916 1327 1000 Ἥρας
1357 918 1603 1001 ἔφασαν
1643 917 1827 982 αὐτόν
1869 942 2027 984 τινες
2056 915 2361 1000 γενέσθαι,
2392 917 2450 981 οἳ
2480 920 2545 983 δὲ
2577 921 2644 983 ἐκ
2676 936 2711 996 5

338 1021 527 1100 μόνης
574 1024 679 1100 τῆς
722 1020 940 1104 Ἥρας,
988 1022 1141 1086 διότι
1193 1025 1256 1086 αἱ
1309 1022 1544 1104 φλόγες
1597 1019 2123 1104 παχυμερέστεραί
2169 1046 2298 1088 πως
2345 1021 2526 1085 οὖσαι
2578 1024 2646 1086 ἐκ

338 1125 525 1205 μόνου
567 1131 675 1190 τοῦ
717 1126 891 1208 ἀέρος
920 1125 1338 1207 διακαιομένου
1367 1126 1478 1206 τὴν
1505 1127 1850 1189 ὑπόστασιν
1878 1124 2335 1206 λαμβάνουσιν.
2397 1123 2647 1208 λέγεται

330 1231 407 1294 δὲ
439 1234 472 1263 “
494 1225 953 1314 κλυτοτέχνης·”
1001 1232 1061 1294 οἱ
1099 1233 1216 1313 γὰρ
1258 1232 1509 1296 πλείους
1537 1230 1611 1316 τῇ
1644 1228 1878 1313 Ἀθηνᾷ
1912 1229 2009 1294 καὶ
2050 1228 2132 1314 τῷ
2177 1226 2508 1315 Ἡφαίστῳ
2539 1227 2647 1292 τὰς

338 1329 557 1416 τέχνας
588 1331 953 1410 ἀνατιθέασι,
985 1335 1057 1419 τῇ
1092 1334 1206 1414 μὲν
1233 1329 1481 1416 Ἀθηνᾷ,
1513 1333 1648 1397 ἐπεὶ
1695 1333 1996 1413 φρόνησις
2039 1333 2138 1396 καὶ
2169 1332 2460 1415 ἀγχίνοια
2491 1331 2645 1395 εἶναι

340 1439 521 1515 δοκεῖ,
550 1437 634 1522 τᾷ
667 1438 733 1501 δὲ
760 1436 1090 1522 Ἡφαίστῳ
1121 1439 1222 1501 διὰ
1249 1440 1320 1499 τὸ
1352 1435 1460 1503 τὰς
1489 1437 1789 1503 πλείστας
1817 1441 1939 1501 τῶν
1967 1440 2199 1518 τεχνῶν
2228 1437 2327 1500 διὰ
2356 1434 2540 1516 πυρὸς
2570 1436 2647 1497 τὰ
2679 1460 2752 1501 ιο

340 1542 569 1605 ἑαυτῶν
597 1540 745 1624 ἔργα
774 1542 1130 1606 ἀποδιδόναι
1162 1537 1453 1627 (Cornut.
1486 1538 1704 1605 Theol.
1735 1560 1788 1603 e.
1827 1558 1901 1623 19
1939 1561 1997 1622 p.
2033 1558 2116 1624 33
2148 1536 2255 1626 L.)

427 1657 577 1725 577.
622 1639 973 1733 παράφημι]
1007 1649 1278 1726 παραινῶ
1311 1649 1363 1707 Α
1383 1656 1437 1712 -Ι-
1713 1653 1858 1724 591.
1905 1638 2203 1730 τεταγῶν]
2237 1640 2482 1721 τινάξας

623 1747 778 1826 τάζω
823 1747 895 1811 τὸ
939 1750 1133 1825 τείνω,
1169 1748 1204 1809 ὅ
1247 1746 1497 1828 μέλλων
1534 1742 1716 1824 τάξω,
1761 1747 1795 1808 ὁ
1838 1745 2027 1826 μέσος
2070 1746 2506 1828 παρακείμενος
2548 1744 2648 1810 τέ-

341 1876 519 1933 ταγα,
552 1852 586 1914 ὁ
625 1852 899 1934 δεύτερος
938 1852 1222 1930 ἀόριστος
1258 1850 1493 1934 ἔταγον,
1523 1846 1562 1928 ἦ
1607 1848 1839 1933 μετοχὴ
1886 1850 2086 1933 ταγῶν
2118 1851 2216 1915 καὶ
2247 1853 2399 1915 κατὰ
2440 1851 2647 1915 ἀναδι-

342 1960 741 2033 πλασιασμδν
771 1958 807 1989 “
826 1952 1144 2036 τεταγῶν”
2681 1974 2755 2032 15

622 2060 873 2141 ῥιφῆναι
921 2060 1041 2122 ὑπὸ
1097 2061 1205 2121 τοῦ
1264 2057 1414 2124 Διὸς
1474 2058 1561 2124 εἷς
1618 2059 1738 2138 γῆν
1797 2057 1831 2119 ὁ
1876 2053 2233 2137 Ἥφαιστος
2283 2055 2531 2140 λέγεται
2582 2056 2655 2136 ἐξ

342 2161 594 2243 οὐρανοῦ
638 2162 739 2226 διὰ
782 2160 851 2226 τὸ
895 2160 1032 2228 τοὺς
1076 2161 1346 2243 πρώτους
1387 2163 1539 2226 ἴσως
1588 2158 1957 2241 ἀρξαμένους
1999 2163 2271 2244 χρῆσθαι
2316 2156 2520 2248 πυῘρὶ]
2580 2162 2645 2224 ἐκ

344 2265 817 2347 κεραυνοβολίου
849 2260 1207 2352 καιο[μένφ]
1242 2260 1535 2350 (Cornut.
1567 2262 1609 2327 l.
1640 2285 1691 2327 e.
1725 2286 1786 2346 p.
1818 2263 1935 2349 34)

430 2368 573 2434 606.
620 2369 827 2453 χωλὸς
870 2371 904 2432 ὁ
939 2367 1296 2451 Ἥφαιστος
1335 2366 1587 2450 λέγεται
1617 2371 1717 2432 διὰ
1745 2366 1816 2432 τὸ
1850 2368 1933 2450 μὴ
1965 2366 2260 2431 δύνασθαι
2290 2370 2648 2462 προβαίνειν

341 2472 488 2555 δίχα
528 2470 833 2551 ξυλῶδους
870 2478 1034 2540 τινὸς
1065 2471 1350 2556 βάκτρου.
1410 2472 1569 2538 τινὲς
1609 2470 1677 2536 δέ
1712 2478 1892 2551 φασι,
1923 2472 2076 2536 διότι
2104 2472 2215 2551 τὴν
2244 2472 2368 2536 ‹ivo›
2409 2473 2650 2550 κίνησιν
2679 2493 2755 2534 20

340 2580 449 2656 τῆς
480 2574 635 2641 κάτω
668 2575 815 2659 πρὸς
844 2576 956 2657 τὴν
983 2576 1217 2659 τροφὴν
1238 2576 1457 2642 ἄνισον
1476 2574 1573 2641 καὶ
1606 2576 1928 2654 ἀνώμαλον
1957 2579 2236 2641 ποιεῖται·
2280 2574 2651 2660 βραδυτέρας

342 2681 408 2744 δὲ
439 2679 616 2757 αὐτῆς
646 2665 842 2758 οὔσης
858 2681 1190 2764 χωλαίνειν
1219 2677 1401 2745 αὐτὸν
1433 2678 1680 2760 ἔφασαν
1708 2677 2002 2765 (comat.
2033 2679 2074 2743 l.
2100 2701 2153 2744 ο.
2191 2701 2252 2764 p.
2289 2700 2373 2767 33
2406 2679 2527 2767 sq.)

624 2779 1028 2872 κακκείοντες]
1061 2784 1738 2864 κατακοιμηθησόμενοι.

1467 2927 1535 2985 Β.

435 3043 491 3089 1.
537 3022 1199 3114 **<ὶπποκορυσταί>]
1229 3028 1294 3090 οἱ
1325 3025 1423 3107 ἐφ’
1456 3028 1662 3091 ἵππων
1692 3027 2082 3106 ὀπλιζόμενοι
2110 3023 2147 3106 ἢ
2179 3028 2400 3093 ἵππους
2431 3026 2649 3110 κορύσ-
2682 3051 2756 3111 25

345 3128 924 3195 σοντες-τουτέστι
953 3126 1399 3208 πολεμικοί-ἢ
1434 3128 1555 3194 ἀπὸ
1584 3135 1709 3193 τῶν
1738 3132 1943 3196 ἵππων
1970 3130 2305 3213 μαχόμενοι

434 3229 491 3297 8.
537 3232 719 3300 οὖλος
759 3235 1045 3312 σημαίνει
1087 3230 1159 3298 δ’·
1221 3238 1328 3296 τὸν
1359 3233 1706 3315 ὁλόκληρον
1739 3237 1777 3270 “
1801 3233 2258 3316 ἄρτον-οὖλον
2287 3235 2447 3299 ἑλὼν
2480 3229 2651 3322 [ἐπέ-

345 3361 511 3414 νειμε
547 3331 840 3424 τραπέζῃ]
861 3334 898 3361 ”
933 3333 1084 3423 (Od.
1121 3353 1223 3417 17.
1264 3334 1422 3423 343)
1453 3337 1553 3401 καὶ
1598 3335 1707 3400 τὸν
1748 3338 2043 3417 μαλακόν,
2075 3336 2155 3404 ὡς
2196 3337 2266 3401 τὸ
2298 3342 2334 3375 ‘⁶
2359 3337 2557 3404 οὔλων
2584 3363 2652 3404 τε

344 3438 626 3519 ταπήτων
645 3438 682 3466 ”
729 3435 841 3527 (ΙΙ.
897 3440 993 3505 16.
1043 3446 1202 3526 224)
1245 3438 1345 3504 καὶ
1402 3446 1511 3505 τὸν
1568 3438 1865 3523 ὀλέθριον,
1918 3441 1998 3508 ὡς
2056 3441 2125 3504 τὸ
2178 3446 2211 3476 “
2237 3441 2418 3508 οὖλος
2463 3439 2654 3523 Ἀρης

345 3544 566 3626 ὤτρυνε
592 3543 949 3625 μετελθῶν”
974 3540 1083 3628 (Il.
1108 3557 1170 3626 5.
1192 3541 1352 3630 461)
1373 3546 1470 3608 καὶ
1500 3543 1607 3610 τὸν
1638 3544 2189 3626 συνεστραμμένον,
2223 3543 2303 3611 ὣς
2331 3544 2402 3609 τὸ
2425 3551 2458 3580 “
2471 3545 2652 3628 γυρὸς
2680 3570 2758 3627 30

343 3650 411 3712 ἐν
442 3648 698 3728 ὤμοισιν
724 3647 1140 3731 μελανόχροος
1170 3645 1577 3727 οὐλοκάρηνος
1593 3647 1631 3672 ”
1665 3645 1817 3736 (Od.
1856 3666 1954 3730 19.
1990 3647 2147 3735 246)
2181 3653 2304 3718 Α-Ι-
2623 3646 2626 3649 ’

438 3771 536 3816 11.
584 3748 643 3840 ἔ]
678 3750 861 3816 αὐτόν
1125 3771 1223 3815 12.
1268 3747 1600 3841 πανσυδίῃ]
1634 3753 2014 3836 πανστρατιᾷ

627 3855 711 3901 **
734 3855 805 3920 τδ
835 3854 1034 3921 “νῢν”
1066 3858 1250 3936 δηλοῖ
1275 3856 1533 3938 χρόνους
1564 3861 1745 3938 τρεῖς·
1791 3859 2108 3934 ἐνεστῶτα,
2139 3855 2219 3924 ὡς
2249 3855 2319 3921 τὸ
2348 3862 2382 3892 “
2404 3860 2510 3921 νῦν
2535 3858 2652 3939 μὲν

344 3964 639 4042 πειρᾶται,
669 3960 827 4043 τάχα
855 3959 911 4026 δ’
939 3963 1149 4044 ἴψεται
1189 3961 1323 4028 υἷας
1371 3956 1638 4044 Ἀχαιῶν
1655 3958 1688 3985 ”
1722 3959 1832 4047 (Π.
1868 3978 1925 4027 2.
1963 3959 2135 4047 193)·
2181 3965 2362 4041 δηλοῖ
2398 3962 2497 4026 καὶ
2541 3961 2650 4027 τὸν

344 4065 702 4144 ἐληλυθότα,
728 4066 808 4132 ὥς
835 4065 905 4129 τὸ
939 4070 974 4101 “
997 4069 1105 4132 νῦν
1131 4064 1657 4145 μὲν-Μενέλαος
1688 4065 1971 4145 ἐνίκησεν
1999 4065 2113 4130 σὺν
2140 4063 2368 4152 Ἀθήνῃ
2385 4063 2422 4089 ”
2455 4061 2559 4151 (ll.
2587 4086 2647 4151 3.
2677 4092 2754 4153 35

343 4166 526 4254 439)·
574 4168 854 4247 σημαίνει
891 4170 988 4234 καὶ
1016 4167 1122 4234 τὸν
1149 4168 1476 4251 μέλλοντα,
1512 4168 1591 4236 ὣς
1635 4166 1707 4232 τὸ
1749 4175 1788 4206 “
1809 4171 1916 4235 νῦν
1943 4170 2057 4249 μὲν
2102 4169 2402 4255 ἐγχεί<ῃ>
2438 4168 2648 4252 πειρή-

346 4267 585 4353 σομαι”
617 4267 724 4357 (Il.
757 4283 819 4352 5.
855 4270 1007 4358 279)
1039 4278 1216 4344 ΑΒ-Ι-

438 4393 537 4454 14.
584 4371 868 4439 ἀθάνατοι
913 4374 1268 4461 φράζονται]
1315 4377 1374 4441 οἳ
1416 4380 1531 4457 μὲν
1576 4378 1726 4459 ὑπὲρ
1755 4375 2099 4458 Ἑλλήνων,
2144 4376 2202 4440 οἳ
2243 4377 2310 4441 δὲ
2349 4376 2499 4458 ὑπὲρ
2528 4381 2650 4442 τῶν

343 4478 567 4562 Τρώων
599 4481 724 4553 Α-Ι-

415 4603 491 4653 14.
523 4589 552 4639 ὅ
574 4595 696 4641 ante
726 4588 891 4654 ταγῶν
913 4590 1056 4640 omisi
1092 4595 1112 4651 11
1154 4603 1229 4643 21.
1263 4590 1326 4654 τῦ
1360 4609 1404 4640 κ.
1428 4592 1555 4641 οοιιί.
1579 4592 1899 4641 Studemund
1936 4597 1956 4651 ΙΙ
1997 4604 2073 4656 ²7·
2098 4593 2175 4642 28.
2211 4591 2419 4642 inclusi:
2454 4607 2551 4642 om.
2574 4593 2649 4656 A,

342 4655 659 4719 περικαλλέος
682 4656 738 4706 ἐκ
756 4654 951 4705 κανέοιο
972 4656 1114 4705 oodd.
1144 4657 1238 4707 Od.
1274 4661 1295 4715 ΙΙ
1334 4656 1412 4718 36.
1449 4657 1537 4705 νῦν
1556 4655 1665 4705 αὖτ’
1687 4658 1831 4707 codd.
1860 4659 1923 4706 11.
