3298 5195
678 368 811 430 492
1517 373 1861 434 ιΛιΑΔοΣ
1909 374 1982 434 Α.
2022 367 2047 455 (
2077 372 2107 432 1
2136 369 2161 455 )

769 537 918 603 282.
965 534 1148 626 παῦε]
1183 540 1549 621 ἀποστροφὴ
1582 528 1651 603 rb
1683 542 1890 623 σ-χῆμα

773 644 919 728 289.
952 639 1307 732 σημαίνειν]
1341 644 1763 727 προστάσσειν
1787 649 1916 708 A:

959 743 1166 835 ἅτινα]
1205 748 1292 815 εἰς
1551 746 1596 787 '¹‘
1619 744 1981 837 πείσεσθαι]
2014 751 2339 828 πεισθῆναι

959 848 1045 914 ib.
1091 856 1163 914 rb
1192 854 1226 884 “
1246 849 1630 931 πείσεσθμι”
1664 853 1922 916 ἐνταῦθα
1954 853 2341 935 ἑρμηνεύεται
2372 853 2523 918 κατὰ
2552 854 2666 935 μὲν
2694 854 2807 934 τὴν
2834 856 3007 937 πρό·

612 983 648 1044 5
679 978 789 1035 την
832 952 1156 1034 ἐπιβολήν,
1189 954 1303 1037 (ἐν
1331 954 1458 1038 τῷ)
1517 953 1786 1019 “aava’'
1818 960 1925 1019 τοῦ
1963 954 2101 1021 τινά
2146 961 2563 1036 πληθυντικῶς
2609 959 3005 1038 ἐκλαμβανο-

676 1057 862 1138 μένου
907 1058 1007 1122 καὶ
1047 1056 1194 1139 πρὸς
1238 1055 1310 1121 rb
1356 1058 1395 1122 ἅ
1446 1058 1924 1140 συναρτωμένου,
1969 1060 2143 1126 ἅτινα
2178 1060 2248 1124 οὗ
2287 1061 2618 1126 πείσεσθαι
2667 1063 2765 1125 καὶ
2814 1066 3005 1144 σχεῖν

678 1162 778 1227 καὶ
825 1162 1022 1244 εὑρεῖν
1066 1167 1172 1226 τὸν
1214 1158 1525 1245 Ἀχιλλέα
1563 1163 1679 1225 όίω
1726 1160 1824 1226 καὶ
1870 1163 2055 1244 οἶμαι.
2117 1165 2255 1228 τίνα
2307 1167 2532 1241 ταῦτα;
2586 1163 2656 1228 τὸ
2704 1169 2739 1200 “
2753 1163 3000 1229 πάντων

677 1266 791 1346 μὲν
821 1262 1152 1347 κρατέειν,”
1182 1268 1418 1329 “πᾶσιν
1448 1268 1516 1330 δὲ
1545 1263 1894 1331 ἆνάσσειν”
1927 1267 2026 1331 καὶ
2056 1271 2092 1302 “
2107 1270 2261 1331 πᾶσι
2294 1267 2670 1347 σημαίνειν.”
2718 1265 2998 1350 διαφέρει

678 1373 882 1433 ταῦτα.
914 1365 1291 1450 “κρατέειν”
1322 1368 1394 1432 rb
1427 1366 1640 1451 κράτος
1674 1369 1843 1452 ἔχειν
1872 1367 2133 1434 πάντων.
2196 1369 2295 1434 καὶ
2327 1372 2477 1434 κατὰ
2506 1375 2684 1434 τοῦτο
2716 1370 2999 1453 διαφέρει

578 1494 653 1535 10
677 1475 782 1536 τοῦ
824 1471 1209 1552 βασιλεύειν,
1256 1471 1409 1536 κατὰ
1454 1472 1566 1552 τὴν
1608 1470 1918 1555 ἐνέργειαν
1961 1475 2059 1537 καὶ
2097 1473 2210 1552 τὴν
2248 1471 2488 1556 πρᾶξιν·
2535 1471 2838 1540 πολλάκις
2877 1473 2996 1557 γὰρ

675 1578 966 1656 βασιλεῖς
1003 1576 1164 1639 εἰσιν
1204 1574 1608 1657 ἆνενέργητοι,
1642 1574 1741 1638 καὶ
1781 1578 1841 1639 ot
1883 1577 2148 1659 ἐνεργεῖς
2179 1577 2312 1640 ἀντὶ
2342 1576 2571 1641 τούτων
2609 1575 2995 1659 πράττουσιν.

675 1680 737 1744 οῖ
781 1680 847 1743 δὲ
892 1679 1293 1758 σημαίνοντες
1336 1678 1498 1760 παρὰ
1541 1679 1789 1746 τούτους
1833 1678 2019 1743 ἄλλοι
2056 1680 2235 1756 εἰσίν,
2284 1680 2343 1744 οἱ
2386 1681 2459 1767 τῇ
2505 1681 2707 1767 βουλῇ
2760 1680 2859 1744 καὶ
2909 1682 2997 1764 τῷ

674 1783 843 1868 λόγῳ
890 1787 1012 1846 τῦν
1062 1783 1276 1848 ἄλλων
1326 1780 1790 1864 προηγούμενοι.
1854 1783 1952 1847 καὶ
1995 1785 2133 1864 τρία
2181 1781 2368 1848 ταῦτά
2420 1784 2544 1847 εἰσι
2595 1784 2671 1847 rb
2716 1782 2997 1866 μέγιστα,

674 1884 1102 1968 βασιλεία-ἣ
1145 1887 1242 1951 καὶ
1279 1885 1720 1965 ἐξουσία-καὶ
1759 1884 1975 1969 κράτος
2010 1891 2235 1969 χειρῶν
2264 1887 2364 1952 καὶ
2403 1887 2597 1970 λόγου
2626 1884 2723 1951 καὶ
2760 1890 2998 1967 βουλῆς

577 2004 649 2065 15
679 1988 918 2073 σχέσις.
978 1993 1165 2054 ταῦτα
1190 1989 1345 2073 (οὔ)
1374 1996 1573 2070 φησιν
1605 1987 2002 2072 Ἀγαμέμνων
2032 1987 2231 2053 πάντα
2270 1991 2601 2054 πείσεσθαι
2644 1995 2751 2055 τὸν
2776 1988 2994 2074 Ἀχιλ-

675 2092 792 2158 λέα
845 2092 1029 2173 ἔχειν·
1077 2092 1370 2159 ἀδύνατον
1412 2091 1530 2176 γάρ
1576 2100 1736 2174 φησι
1781 2092 1888 2156 τὸν
1934 2091 2115 2158 αὐτὸν
2161 2096 2291 2160 τοῖς
2341 2090 2505 2175 τρισὶ
2555 2095 2881 2173 τιμηθῆναι
2926 2095 2993 2157 ἐκ

679 2201 841 2262 θεοῦ·
887 2197 1063 2282 ἄλλῳ
1100 2199 1221 2280 γὰρ
1257 2196 1421 2261 ἄλλο
1462 2195 1692 2279 ἀγαθὸν
1738 2198 1805 2260 ἐκ
1852 2200 1994 2260 θεοῦ
2038 2197 2556 2278 ἆπομεριζόμενον
2597 2198 2843 2273 δίδοται,
2893 2197 2992 2261 καὶ

677 2300 749 2364 οὗ
789 2298 987 2365 πάντα
1024 2301 1107 2386 τῷ
1149 2299 1326 2385 αὐτῷ.
1390 2301 1489 2364 καὶ
1529 2304 1706 2363 τοῦτο
1744 2301 1860 2378 μὲν
1900 2298 1970 2362 rb
2002 2302 2153 2363 κατᾶ
2179 2301 2425 2382 πρῶτην
2454 2297 2781 2380 ἐπιβολήν.
2837 2299 2898 2363 οἱ
2926 2300 2995 2364 δὲ

677 2399 750 2463 rb
778 2404 813 2433 “
831 2395 967 2463 τινά
983 2397 1020 2423 ”
1052 2401 1264 2465 ἑνικῶς
1309 2396 1801 2478 ἐκλαμβάνονται
1846 2397 1945 2461 καὶ
1974 2396 2288 2480 λέγουσιν,
2318 2398 2359 2462 δ
2391 2397 2496 2462 οὐκ
2528 2398 2699 2477 οἶμαί
2723 2422 2860 2462 τινα
2888 2397 2998 2462 ἕνα

576 2524 654 2565 20
680 2502 998 2584 ἄνθρωπον
1032 2504 1361 2566 πείσεσθαι
1406 2503 1505 2566 καὶ
1551 2504 1771 2565 παθεῖν
1811 2502 1908 2566 καὶ
1955 2504 2136 2584 σχεῖν
2166 2503 2234 2567 ἐν
2271 2499 2484 2587 ταύτῷ,
2516 2501 2597 2568 ὦς
2627 2500 2800 2586 ἄλλῳ
2831 2500 2997 2569 ἄλλο

679 2607 996 2687 διδόμενον
1039 2608 1203 2689 παρὰ
1247 2610 1406 2671 θεοῦ.
1459 2602 1497 2686 ἢ
1544 2607 1750 2672 οὕτως·
1794 2605 1899 2670 οὐκ
1945 2606 2115 2686 οἶμαι
2161 2605 2269 2671 τὸν
2314 2604 2622 2690 Ἀχιλλέα
2666 2606 2995 2670 πείσεσθαι

682 2708 780 2776 καὶ
827 2710 1069 2776 πείσειν
1119 2712 1255 2774 τινὰ
1313 2710 1475 2775 ὥστε
1528 2710 1698 2793 ἔχειν
1751 2708 1902 2774 αὐτὰ
1947 2708 2052 2775 τὸν
2095 2708 2417 2793 Ἀχιλλέα.
2478 2710 2704 2791 τρόπον
2748 2708 2816 2774 δέ
2858 2734 2996 2774 τινα

681 2816 938 2879 ἐνταῦθα
968 2811 1363 2896 Ἀγαμέμνων
1393 2817 1607 2879 ἑαυτοῦ
1645 2811 1744 2877 καὶ
1779 2819 1887 2877 τοῦ
1914 2812 2255 2896 Ἀχιλλέως
2286 2814 2386 2878 καὶ
2414 2818 2520 2877 τοῦ
2551 2811 2858 2894 Νέστορος
2886 2812 2998 2879 τὰς

683 2921 750 2984 ἐκ
797 2922 938 2982 θεοῦ
981 2920 1209 3000 δωρεὰς
1254 2917 1603 3001 διέγραψεν,
1649 2918 1744 2982 ὅτι
1786 2914 2120 3002 Ἀχιλλεὺς
2168 2919 2282 2996 μὲν
2329 2916 2461 3001 ἔχει
2508 2915 2723 3000 κράτος
2765 2916 2994 3000 χειρός,

579 3044 655 3104 25
684 3023 803 3106 ἐγὼ
834 3023 902 3087 δὲ
928 3022 1281 3102 βασιλείαν,
1311 3020 1389 3085 σὺ
1429 3024 1497 3086 δὲ
1537 3019 1798 3101 βουλήν·
1845 3020 2020 3088 αὐτὸς
2051 3021 2117 3086 δὲ
2149 3023 2183 3084 ὅ
2216 3018 2543 3105 Ἀχιλλεὺς
2572 3019 2869 3100 βούλεται
2898 3017 2999 3083 καὶ

682 3129 759 3190 rb
786 3127 925 3208 τρία
954 3126 1124 3210 ἔχειν

772 3247 917 3311 290.
962 3231 998 3293 ὁ
1042 3231 1233 3313 λόγος
1282 3234 1573 3296 τοιοῦτος·
1645 3231 1701 3293 εἰ
1747 3226 2123 3308 πολεμιστής
2177 3232 2349 3294 ἐστιν
2395 3225 2727 3312 Ἀχιλλεὺς
2785 3225 2996 3313 γνώμῃ

682 3339 802 3398 τὸν
847 3337 1018 3414 θεῶν,
1061 3335 1162 3398 διὰ
1213 3338 1389 3398 τοῦτο
1439 3331 1744 3416 προπετής
1792 3335 1963 3398 ἐστιν
2016 3331 2119 3397 ἐπὶ
2164 3331 2235 3397 rb
2284 3331 2600 3409 ὀνειδίζειν
2622 3329 2631 3336 ’
2651 3326 2750 3394 καὶ
2804 3333 2997 3396 κακῶς

682 3436 893 3521 λέγειν
919 3436 1077 3518 ἡμᾶς
1106 3437 1244 3504 τοὺς
1272 3441 1602 3517 βασιλεῖς,·

580 3571 657 3630 30
772 3554 919 3627 305.
967 3537 1301 3627 ἀνστήτην]
1335 3539 1684 3619 ἀνέστησαν

768 3663 913 3731 309.
961 3639 1221 3732 ἔκρινεν]
1255 3645 1700 3726 κατηρίθμησεν
1729 3643 2063 3724 ἐπελέξατο
2096 3647 2227 3706 Α-

768 3767 916 3835 310.
963 3743 1156 3836 βῆσε]
1191 3749 1580 3828 ἐπεβίβασεν
1846 3741 2299 3834 καλλιπάρηον]
2340 3750 2622 3827 Δωρικῦς

770 3870 921 3937 311.
968 3847 1168 3939 εἷσεν]
1203 3850 1487 3917 ἐκάθισεν
1518 3855 1646 3914 A:

769 3955 918 4040 316.
966 3950 1346 4042 ἀτρυγέτοιο]
1388 3958 1494 4035 τῆς
1526 3954 1794 4036 ἀκάρπου
1822 3952 1860 4035 ἢ
1895 3957 1998 4035 τῆς
2030 3952 2490 4033 ἇκαταπονήτου
2519 3949 2557 4032 ἢ
2590 3954 2698 4032 τῆς
2730 3950 2998 4034 ἐχούσης

580 4094 655 4155 35
685 4058 929 4139 πολλὴν
956 4059 1143 4141 τρύγα
1170 4056 1304 4137 ἤτοι
1333 4057 1727 4139 ὑποστάθμην
1756 4062 1808 4121 Α
1824 4096 1885 4108 -

772 4177 920 4249 317.
965 4158 1018 4227 δ’
1077 4163 1362 4242 σημαίνει
1418 4167 1490 4225 τὸ
1549 4163 1752 4241 λίπος,
1809 4162 1916 4226 τὸν
1976 4162 2293 4237 ἐπίπλουν,
2353 4159 2426 4225 rb
2488 4158 2664 4242 κρέας
2724 4159 2823 4224 καὶ
2880 4157 2997 4237 τὴν

684 4267 1108 4348 ἀναθυμίασιν,
1141 4266 1291 4348 ὅπερ
1322 4270 1428 4331 νῦν
1457 4273 1655 4347 φησιν
1685 4269 1737 4328 Α
1754 4279 1811 4338 -Ι-
2151 4318 2165 4332 .

772 4388 921 4457 322.
966 4371 1216 4453 ὀτρηρὸς
1241 4371 1275 4433 ὁ
1307 4371 1567 4455 ἐνεργός,
1588 4371 1622 4433 ὁ
1641 4370 1725 4449 μὴ
1760 4368 2074 4451 ἀναμένων
2104 4371 2586 4453 παροτρυνθῆναι
2616 4364 2780 4450 παρά
2808 4387 2994 4434 τινος·

685 4475 906 4561 γέγονε
942 4473 1009 4541 δὲ
1038 4477 1202 4558 παρὰ
1244 4473 1314 4539 rb
1349 4474 1496 4557 τρέω
1540 4479 1610 4538 τὸ
1653 4478 1950 4554 σημαῖνον
1978 4472 2050 4538 τὸ
2095 4477 2412 4555 φοβοῦμαι
2447 4473 2638 4550 ὄνομα
2663 4473 2998 4555 ῥηματικὸν

580 4611 659 4663 40
688 4580 945 4662 τρεερός,
975 4580 1054 4647 ὣς
1083 4579 1285 4661 φαίνω
1327 4578 1608 4659 φανερός,
1640 4577 1738 4642 καὶ
1770 4580 1918 4641 κατὰ
1958 4580 2175 4659 κρᾶσιν
2203 4582 2324 4640 τῶν
2355 4576 2461 4640 δύο
2496 4576 2563 4642 ἐἶ
2595 4577 2680 4642 εἰς
2708 4585 2747 4655 ἥ
2778 4575 2996 4656 τρηρός

1582 4779 1659 4830 15.
1694 4766 1858 4831 suppl.
1882 4766 2085 4817 Bokker
