<?xml version="1.0" encoding="UTF-8"?>
<!DOCTYPE html PUBLIC "-//W3C//DTD XHTML 1.0 Transitional//EN"
    "http://www.w3.org/TR/xhtml1/DTD/xhtml1-transitional.dtd">
<html xmlns="http://www.w3.org/1999/xhtml" xml:lang="en" lang="en">
 <head>
  <title>
</title>
<meta http-equiv="Content-Type" content="text/html;charset=utf-8" />
  <meta name='ocr-system' content='tesseract 3.04.00' />
  <meta name='ocr-capabilities' content='ocr_page ocr_carea ocr_par ocr_line ocrx_word'/>
</head>
<body>
  <div class='ocr_page' id='page_1' title='image "./scholiagraecain01homegoog/scholiagraecain01homegoog_0568.png"; bbox 0 0 3298 5195; ppageno 0'>
   <div class='ocr_carea' id='block_1_1' title="bbox 526 334 2177 423">
    <p class='ocr_par' dir='ltr' id='par_1_1' title="bbox 526 334 2177 423">
     <span class='ocr_line' id='line_1_1' title="bbox 526 334 2177 423; baseline -0.001 -22"><span class='ocrx_word' id='word_1_1' title='bbox 526 367 532 373; x_wconf 93' lang='lat'>·</span> <span class='ocrx_word' id='word_1_2' title='bbox 671 338 800 403; x_wconf 81' lang='lat'>532</span> <span class='ocrx_word' id='word_1_3' title='bbox 1481 340 1821 401; x_wconf 75' lang='grc' dir='ltr'>ιΛιΑΔοΣ</span> <span class='ocrx_word' id='word_1_4' title='bbox 1870 340 1957 401; x_wconf 79' lang='grc' dir='ltr'>Μ.</span> <span class='ocrx_word' id='word_1_5' title='bbox 2002 334 2177 423; x_wconf 79' lang='lat'>(12)</span> 
     </span>
    </p>
   </div>
   <div class='ocr_carea' id='block_1_2' title="bbox 576 502 2995 3491">
    <p class='ocr_par' dir='ltr' id='par_1_2' title="bbox 576 502 2995 3491">
     <span class='ocr_line' id='line_1_2' title="bbox 769 502 2995 597; baseline -0.002 -25"><span class='ocrx_word' id='word_1_6' title='bbox 769 508 913 588; x_wconf 89' lang='lat'>148.</span> <span class='ocrx_word' id='word_1_7' title='bbox 960 504 1247 597; x_wconf 74' lang='grc' dir='ltr'>ἄγνυτον]</span> <span class='ocrx_word' id='word_1_8' title='bbox 1271 554 1287 574; x_wconf 91' lang='grc'>.</span> <span class='ocrx_word' id='word_1_9' title='bbox 1307 559 1321 574; x_wconf 96' lang='grc'>.</span> <span class='ocrx_word' id='word_1_10' title='bbox 1344 554 1361 571; x_wconf 91' lang='grc'>.</span> <span class='ocrx_word' id='word_1_11' title='bbox 1387 507 1486 574; x_wconf 84' lang='grc' dir='ltr'>καὶ</span> <span class='ocrx_word' id='word_1_12' title='bbox 1507 509 1727 591; x_wconf 76' lang='grc' dir='ltr'>ἀγνυμι</span> <span class='ocrx_word' id='word_1_13' title='bbox 1749 507 1819 572; x_wconf 83' lang='grc' dir='ltr'>τὸ</span> <span class='ocrx_word' id='word_1_14' title='bbox 1839 507 2012 587; x_wconf 80' lang='grc' dir='ltr'>θέμα,</span> <span class='ocrx_word' id='word_1_15' title='bbox 2032 507 2197 574; x_wconf 81' lang='grc' dir='ltr'>ὅπως</span> <span class='ocrx_word' id='word_1_16' title='bbox 2232 507 2388 590; x_wconf 84' lang='grc' dir='ltr'>ἔσχε</span> <span class='ocrx_word' id='word_1_17' title='bbox 2415 505 2529 585; x_wconf 75' lang='grc' dir='ltr'>τὴν</span> <span class='ocrx_word' id='word_1_18' title='bbox 2555 502 2826 589; x_wconf 78' lang='grc' dir='ltr'>γένεσιν·</span> <span class='ocrx_word' id='word_1_19' title='bbox 2862 503 2995 569; x_wconf 75' lang='grc' dir='ltr'>ἀπὸ</span> 
     </span>
     <span class='ocr_line' id='line_1_3' title="bbox 676 609 2991 698; baseline -0.002 -23"><span class='ocrx_word' id='word_1_20' title='bbox 676 617 781 676; x_wconf 81' lang='grc' dir='ltr'>τοῦ</span> <span class='ocrx_word' id='word_1_21' title='bbox 810 611 1034 698; x_wconf 79' lang='grc' dir='ltr'>ἆ&lt;γ&gt;ω</span> <span class='ocrx_word' id='word_1_22' title='bbox 1062 611 1346 696; x_wconf 82' lang='grc' dir='ltr'>ῥήματος,</span> <span class='ocrx_word' id='word_1_23' title='bbox 1377 610 1412 675; x_wconf 84' lang='grc' dir='ltr'>δ</span> <span class='ocrx_word' id='word_1_24' title='bbox 1444 612 1727 693; x_wconf 81' lang='grc' dir='ltr'>σημαίνει</span> <span class='ocrx_word' id='word_1_25' title='bbox 1757 610 1827 675; x_wconf 81' lang='grc' dir='ltr'>τὸ</span> <span class='ocrx_word' id='word_1_26' title='bbox 1859 617 2004 688; x_wconf 79' lang='grc' dir='ltr'>κλῶ,</span> <span class='ocrx_word' id='word_1_27' title='bbox 2037 614 2103 676; x_wconf 78' lang='grc' dir='ltr'>έκ</span> <span class='ocrx_word' id='word_1_28' title='bbox 2134 610 2346 675; x_wconf 77' lang='grc' dir='ltr'>τούτου</span> <span class='ocrx_word' id='word_1_29' title='bbox 2376 610 2746 694; x_wconf 80' lang='grc' dir='ltr'>πλεονασμῷ</span> <span class='ocrx_word' id='word_1_30' title='bbox 2794 613 2909 671; x_wconf 81' lang='grc' dir='ltr'>τοῦ</span> <span class='ocrx_word' id='word_1_31' title='bbox 2953 609 2991 672; x_wconf 72' lang='grc' dir='ltr'>’ὑ</span> 
     </span>
     <span class='ocr_line' id='line_1_4' title="bbox 674 714 2309 800; baseline -0.001 -21"><span class='ocrx_word' id='word_1_32' title='bbox 674 716 908 798; x_wconf 86' lang='grc' dir='ltr'>γίνεται</span> <span class='ocrx_word' id='word_1_33' title='bbox 937 720 1121 800; x_wconf 58' lang='lat' dir='ltr'>ayn&amp;</span> <span class='ocrx_word' id='word_1_34' title='bbox 1155 718 1221 781; x_wconf 76' lang='grc' dir='ltr'>ἐκ</span> <span class='ocrx_word' id='word_1_35' title='bbox 1252 714 1463 779; x_wconf 80' lang='grc' dir='ltr'>τούτου</span> <span class='ocrx_word' id='word_1_36' title='bbox 1495 714 1714 797; x_wconf 74' lang='grc' dir='ltr'>ἀγνῦω,</span> <span class='ocrx_word' id='word_1_37' title='bbox 1749 719 1816 780; x_wconf 72' lang='grc' dir='ltr'>ἐκ</span> <span class='ocrx_word' id='word_1_38' title='bbox 1847 715 2061 779; x_wconf 79' lang='grc' dir='ltr'>τούτου</span> <span class='ocrx_word' id='word_1_39' title='bbox 2091 715 2309 796; x_wconf 76' lang='grc' dir='ltr'>ἀγνυμι</span> 
     </span>
     <span class='ocr_line' id='line_1_5' title="bbox 769 812 2772 907; baseline -0 -24"><span class='ocrx_word' id='word_1_40' title='bbox 769 831 910 901; x_wconf 93' lang='grc'><strong>157.</strong></span> <span class='ocrx_word' id='word_1_41' title='bbox 961 814 1131 907; x_wconf 70' lang='grc' dir='ltr'>ζαής]</span> <span class='ocrx_word' id='word_1_42' title='bbox 1164 819 1319 903; x_wconf 78' lang='grc' dir='ltr'>ἄγαν</span> <span class='ocrx_word' id='word_1_43' title='bbox 1348 817 1548 885; x_wconf 81' lang='grc' dir='ltr'>πνέων</span> <span class='ocrx_word' id='word_1_44' title='bbox 1818 820 1960 882; x_wconf 90' lang='lat'>160.</span> <span class='ocrx_word' id='word_1_45' title='bbox 2008 816 2163 900; x_wconf 78' lang='grc' dir='ltr'>ἀμφ’</span> <span class='ocrx_word' id='word_1_46' title='bbox 2194 812 2371 906; x_wconf 78' lang='grc' dir='ltr'>αὖον]</span> <span class='ocrx_word' id='word_1_47' title='bbox 2407 820 2558 881; x_wconf 74' lang='grc' dir='ltr'>κατὰ</span> <span class='ocrx_word' id='word_1_48' title='bbox 2586 815 2772 897; x_wconf 77' lang='grc' dir='ltr'>ξηρόν</span> 
     </span>
     <span class='ocr_line' id='line_1_6' title="bbox 612 916 2950 1009; baseline -0.003 -21"><span class='ocrx_word' id='word_1_49' title='bbox 612 940 649 1000; x_wconf 84' lang='grc'><strong>5</strong></span> <span class='ocrx_word' id='word_1_50' title='bbox 961 919 1204 1009; x_wconf 82' lang='grc' dir='ltr'>ἀύτευν]</span> <span class='ocrx_word' id='word_1_51' title='bbox 1236 920 1429 1005; x_wconf 84' lang='grc' dir='ltr'>ἦχουν</span> <span class='ocrx_word' id='word_1_52' title='bbox 1693 923 1833 985; x_wconf 91' lang='lat'>161.</span> <span class='ocrx_word' id='word_1_53' title='bbox 1878 916 2251 1009; x_wconf 82' lang='grc' dir='ltr'>μυλάκεσσι]</span> <span class='ocrx_word' id='word_1_54' title='bbox 2285 919 2543 1004; x_wconf 78' lang='grc' dir='ltr'>τραχέσι</span> <span class='ocrx_word' id='word_1_55' title='bbox 2570 920 2771 986; x_wconf 88' lang='grc' dir='ltr'>λίθοις</span> <span class='ocrx_word' id='word_1_56' title='bbox 2798 917 2950 981; x_wconf 86' lang='lat' dir='ltr'>A=</span> 
     </span>
     <span class='ocr_line' id='line_1_7' title="bbox 769 1021 1989 1113; baseline -0.002 -24"><span class='ocrx_word' id='word_1_57' title='bbox 769 1027 911 1112; x_wconf 82' lang='lat'><strong>163.</strong></span> <span class='ocrx_word' id='word_1_58' title='bbox 958 1021 1347 1113; x_wconf 70' lang='grc' dir='ltr'>ἀλαστήσας]</span> <span class='ocrx_word' id='word_1_59' title='bbox 1381 1023 1827 1104; x_wconf 76' lang='grc' dir='ltr'>δεινοπαθήσας</span> <span class='ocrx_word' id='word_1_60' title='bbox 1850 1024 1989 1087; x_wconf 82' lang='lat' dir='ltr'>A:</span> 
     </span>
     <span class='ocr_line' id='line_1_8' title="bbox 747 1123 2115 1212; baseline -0.001 -20"><span class='ocrx_word' id='word_1_61' title='bbox 747 1124 911 1210; x_wconf 72' lang='grc'><strong>’167.</strong></span> <span class='ocrx_word' id='word_1_62' title='bbox 958 1127 1189 1212; x_wconf 74' lang='grc' dir='ltr'>αἰόλοι]</span> <span class='ocrx_word' id='word_1_63' title='bbox 1217 1124 1256 1207; x_wconf 81' lang='grc' dir='ltr'>ἢ</span> <span class='ocrx_word' id='word_1_64' title='bbox 1287 1129 1558 1192; x_wconf 77' lang='grc' dir='ltr'>ποικίλοι</span> <span class='ocrx_word' id='word_1_65' title='bbox 1586 1123 1624 1207; x_wconf 81' lang='grc' dir='ltr'>ἢ</span> <span class='ocrx_word' id='word_1_66' title='bbox 1657 1128 1954 1207; x_wconf 81' lang='grc' dir='ltr'>εὐκίνητοι</span> <span class='ocrx_word' id='word_1_67' title='bbox 1980 1127 2044 1190; x_wconf 92' lang='grc' dir='ltr'><strong>Α</strong></span> <span class='ocrx_word' id='word_1_68' title='bbox 2062 1143 2115 1198; x_wconf 73' lang='lat'>4</span> 
     </span>
     <span class='ocr_line' id='line_1_9' title="bbox 770 1226 2184 1319; baseline 0.002 -24"><span class='ocrx_word' id='word_1_69' title='bbox 770 1246 911 1315; x_wconf 89' lang='lat'>177.</span> <span class='ocrx_word' id='word_1_70' title='bbox 960 1226 1316 1319; x_wconf 87' lang='grc' dir='ltr'>θεσπιδαές]</span> <span class='ocrx_word' id='word_1_71' title='bbox 1348 1231 1466 1296; x_wconf 77' lang='grc' dir='ltr'>ὑπὸ</span> <span class='ocrx_word' id='word_1_72' title='bbox 1496 1235 1649 1296; x_wconf 73' lang='grc' dir='ltr'>θεῶν</span> <span class='ocrx_word' id='word_1_73' title='bbox 1680 1232 2021 1310; x_wconf 79' lang='grc' dir='ltr'>ἁπτόμενον</span> <span class='ocrx_word' id='word_1_74' title='bbox 2049 1229 2113 1293; x_wconf 88' lang='grc' dir='ltr'><strong>Α</strong></span> <span class='ocrx_word' id='word_1_75' title='bbox 2131 1246 2184 1298; x_wconf 66' lang='grc' dir='ltr'>-ἱ-</span> 
     </span>
     <span class='ocr_line' id='line_1_10' title="bbox 768 1332 1896 1423; baseline 0 -25"><span class='ocrx_word' id='word_1_76' title='bbox 768 1334 911 1401; x_wconf 89' lang='grc'><strong>182.</strong></span> <span class='ocrx_word' id='word_1_77' title='bbox 947 1332 1369 1423; x_wconf 83' lang='grc' dir='ltr'>Πολυποίτης]</span> <span class='ocrx_word' id='word_1_78' title='bbox 1394 1334 1642 1415; x_wconf 83' lang='grc' dir='ltr'>Ἕλλην</span> <span class='ocrx_word' id='word_1_79' title='bbox 1672 1334 1747 1415; x_wconf 82' lang='grc' dir='ltr'>ἦν</span> <span class='ocrx_word' id='word_1_80' title='bbox 1775 1356 1896 1398; x_wconf 78' lang='lat' dir='ltr'>rec.</span> 
     </span>
     <span class='ocr_line' id='line_1_11' title="bbox 578 1436 2457 1525; baseline 0.002 -26"><span class='ocrx_word' id='word_1_81' title='bbox 578 1459 652 1499; x_wconf 85' lang='lat'>10</span> <span class='ocrx_word' id='word_1_82' title='bbox 769 1436 910 1523; x_wconf 85' lang='lat'>183.</span> <span class='ocrx_word' id='word_1_83' title='bbox 957 1438 1419 1525; x_wconf 79' lang='grc' dir='ltr'>χαλκοπαρῄου]</span> <span class='ocrx_word' id='word_1_84' title='bbox 1449 1442 1687 1522; x_wconf 71' lang='grc' dir='ltr'>χαλκᾶς</span> <span class='ocrx_word' id='word_1_85' title='bbox 1714 1441 2162 1523; x_wconf 85' lang='grc' dir='ltr'>παραγναθίδας</span> <span class='ocrx_word' id='word_1_86' title='bbox 2193 1438 2457 1522; x_wconf 67' lang='grc' dir='ltr'>ἐχούσης</span> 
     </span>
     <span class='ocr_line' id='line_1_12' title="bbox 769 1538 1872 1631; baseline -0.001 -26"><span class='ocrx_word' id='word_1_87' title='bbox 769 1542 912 1606; x_wconf 89' lang='grc'><strong>186.</strong></span> <span class='ocrx_word' id='word_1_88' title='bbox 957 1538 1345 1631; x_wconf 78' lang='grc' dir='ltr'>πεπάλακτο]</span> <span class='ocrx_word' id='word_1_89' title='bbox 1378 1542 1704 1623; x_wconf 77' lang='grc' dir='ltr'>έμολύνετο</span> <span class='ocrx_word' id='word_1_90' title='bbox 1733 1541 1872 1605; x_wconf 88' lang='lat' dir='ltr'>A=</span> 
     </span>
     <span class='ocr_line' id='line_1_13' title="bbox 769 1642 2123 1732; baseline 0.004 -23"><span class='ocrx_word' id='word_1_91' title='bbox 769 1663 910 1730; x_wconf 83' lang='lat'>192.</span> <span class='ocrx_word' id='word_1_92' title='bbox 958 1642 1389 1732; x_wconf 80' lang='grc' dir='ltr'>αὗτοσχεδίην]</span> <span class='ocrx_word' id='word_1_93' title='bbox 1423 1648 1490 1711; x_wconf 83' lang='grc' dir='ltr'>έκ</span> <span class='ocrx_word' id='word_1_94' title='bbox 1527 1651 1633 1710; x_wconf 83' lang='grc' dir='ltr'>τοῦ</span> <span class='ocrx_word' id='word_1_95' title='bbox 1665 1646 1960 1729; x_wconf 78' lang='grc' dir='ltr'>σύνεγγυς</span> <span class='ocrx_word' id='word_1_96' title='bbox 1988 1645 2123 1715; x_wconf 85' lang='grc' dir='ltr'>Α-Ι-</span> 
     </span>
     <span class='ocr_line' id='line_1_14' title="bbox 767 1741 2993 1837; baseline -0.002 -23"><span class='ocrx_word' id='word_1_97' title='bbox 767 1767 912 1826; x_wconf 93' lang='grc'><strong>204.</strong></span> <span class='ocrx_word' id='word_1_98' title='bbox 961 1745 1147 1836; x_wconf 90' lang='grc' dir='ltr'>κόψε]</span> <span class='ocrx_word' id='word_1_99' title='bbox 1172 1749 1384 1813; x_wconf 78' lang='grc' dir='ltr'>ἔδακεν</span> <span class='ocrx_word' id='word_1_100' title='bbox 1402 1750 1462 1812; x_wconf 89' lang='grc' dir='ltr'><strong>Α</strong></span> <span class='ocrx_word' id='word_1_101' title='bbox 1479 1762 1535 1819; x_wconf 86' lang='grc' dir='ltr'>-Ι-</span> <span class='ocrx_word' id='word_1_102' title='bbox 1668 1746 1880 1837; x_wconf 73' lang='grc' dir='ltr'>αὐτόν]</span> <span class='ocrx_word' id='word_1_103' title='bbox 1905 1750 2011 1815; x_wconf 82' lang='grc' dir='ltr'>τὸν</span> <span class='ocrx_word' id='word_1_104' title='bbox 2033 1749 2238 1815; x_wconf 75' lang='grc' dir='ltr'>αίετόν</span> <span class='ocrx_word' id='word_1_105' title='bbox 2359 1741 2613 1835; x_wconf 80' lang='grc' dir='ltr'>ἔχοντα]</span> <span class='ocrx_word' id='word_1_106' title='bbox 2648 1746 2993 1830; x_wconf 80' lang='grc' dir='ltr'>κατέχοντα</span> 
     </span>
     <span class='ocr_line' id='line_1_15' title="bbox 768 1847 2430 1941; baseline -0.001 -23"><span class='ocrx_word' id='word_1_107' title='bbox 768 1870 913 1938; x_wconf 85' lang='grc'><strong>213.</strong></span> <span class='ocrx_word' id='word_1_108' title='bbox 960 1847 1181 1941; x_wconf 84' lang='grc' dir='ltr'>δῆμον]</span> <span class='ocrx_word' id='word_1_109' title='bbox 1211 1853 1480 1933; x_wconf 77' lang='grc' dir='ltr'>δημότην</span> <span class='ocrx_word' id='word_1_110' title='bbox 1740 1848 1961 1940; x_wconf 79' lang='grc' dir='ltr'>παρέξ]</span> <span class='ocrx_word' id='word_1_111' title='bbox 1999 1855 2161 1934; x_wconf 76' lang='grc' dir='ltr'>παρὰ</span> <span class='ocrx_word' id='word_1_112' title='bbox 2189 1852 2259 1917; x_wconf 83' lang='grc' dir='ltr'>τὸ</span> <span class='ocrx_word' id='word_1_113' title='bbox 2289 1850 2430 1917; x_wconf 90' lang='grc' dir='ltr'>δέον</span> 
     </span>
     <span class='ocr_line' id='line_1_16' title="bbox 578 1950 2979 2043; baseline -0.003 -21"><span class='ocrx_word' id='word_1_114' title='bbox 578 1976 649 2036; x_wconf 82' lang='grc'>15</span> <span class='ocrx_word' id='word_1_115' title='bbox 769 1972 912 2022; x_wconf 91' lang='grc'><strong>221.</strong></span> <span class='ocrx_word' id='word_1_116' title='bbox 959 1954 1220 2038; x_wconf 89' lang='grc' dir='ltr'>ἀφέηκε]</span> <span class='ocrx_word' id='word_1_117' title='bbox 1243 1957 1458 2039; x_wconf 79' lang='grc' dir='ltr'>ἔρριψε</span> <span class='ocrx_word' id='word_1_118' title='bbox 1571 1972 1714 2037; x_wconf 90' lang='grc'><strong>225.</strong></span> <span class='ocrx_word' id='word_1_119' title='bbox 1745 1958 1907 2038; x_wconf 73' lang='grc' dir='ltr'>παρὰ</span> <span class='ocrx_word' id='word_1_120' title='bbox 1930 1951 2179 2043; x_wconf 83' lang='grc' dir='ltr'>ναῦφιν]</span> <span class='ocrx_word' id='word_1_121' title='bbox 2207 1954 2329 2020; x_wconf 84' lang='grc' dir='ltr'>ἀπὸ</span> <span class='ocrx_word' id='word_1_122' title='bbox 2350 1959 2471 2021; x_wconf 76' lang='grc' dir='ltr'>τόν</span> <span class='ocrx_word' id='word_1_123' title='bbox 2501 1959 2662 2033; x_wconf 80' lang='grc' dir='ltr'>νηῶν</span> <span class='ocrx_word' id='word_1_124' title='bbox 2689 1973 2808 2016; x_wconf 77' lang='lat' dir='ltr'><strong>ree.</strong></span> <span class='ocrx_word' id='word_1_125' title='bbox 2830 1950 2979 2016; x_wconf 87' lang='lat' dir='ltr'>A=</span> 
     </span>
     <span class='ocr_line' id='line_1_17' title="bbox 768 2055 2813 2146; baseline -0.002 -23"><span class='ocrx_word' id='word_1_126' title='bbox 768 2055 911 2143; x_wconf 85' lang='lat'><strong>238.</strong></span> <span class='ocrx_word' id='word_1_127' title='bbox 956 2058 1027 2122; x_wconf 77' lang='grc' dir='ltr'>οὗ</span> <span class='ocrx_word' id='word_1_128' title='bbox 1056 2083 1115 2122; x_wconf 89' lang='grc' dir='ltr'>τι</span> <span class='ocrx_word' id='word_1_129' title='bbox 1141 2056 1544 2140; x_wconf 78' lang='grc' dir='ltr'>μετατρέπομ’</span> <span class='ocrx_word' id='word_1_130' title='bbox 1575 2058 1696 2122; x_wconf 77' lang='grc' dir='ltr'>οὐδ’</span> <span class='ocrx_word' id='word_1_131' title='bbox 1729 2055 2021 2146; x_wconf 79' lang='grc' dir='ltr'>ἀλεγίζω]</span> <span class='ocrx_word' id='word_1_132' title='bbox 2057 2056 2468 2142; x_wconf 87' lang='grc' dir='ltr'>παραλλήλως</span> <span class='ocrx_word' id='word_1_133' title='bbox 2497 2062 2568 2121; x_wconf 83' lang='grc' dir='ltr'>τὸ</span> <span class='ocrx_word' id='word_1_134' title='bbox 2599 2056 2813 2145; x_wconf 83' lang='grc' dir='ltr'>[αὗ]τό</span> 
     </span>
     <span class='ocr_line' id='line_1_18' title="bbox 767 2156 2748 2249; baseline -0.001 -21"><span class='ocrx_word' id='word_1_135' title='bbox 767 2176 913 2243; x_wconf 91' lang='grc'><strong>247.</strong></span> <span class='ocrx_word' id='word_1_136' title='bbox 957 2156 1302 2249; x_wconf 86' lang='grc' dir='ltr'>μενεδήιος]</span> <span class='ocrx_word' id='word_1_137' title='bbox 1334 2163 1493 2226; x_wconf 82' lang='grc' dir='ltr'>ὥστε</span> <span class='ocrx_word' id='word_1_138' title='bbox 1521 2160 1727 2242; x_wconf 90' lang='grc' dir='ltr'>μένειν</span> <span class='ocrx_word' id='word_1_139' title='bbox 1756 2161 1894 2229; x_wconf 79' lang='grc' dir='ltr'>τοὺς</span> <span class='ocrx_word' id='word_1_140' title='bbox 1923 2163 2164 2247; x_wconf 83' lang='grc' dir='ltr'>πολεμ(</span> <span class='ocrx_word' id='word_1_141' title='bbox 2175 2162 2199 2224; x_wconf 94' lang='grc' dir='ltr'>ί</span> <span class='ocrx_word' id='word_1_142' title='bbox 2209 2161 2353 2245; x_wconf 91' lang='grc' dir='ltr'>&gt;ους</span> <span class='ocrx_word' id='word_1_143' title='bbox 2383 2163 2451 2227; x_wconf 83' lang='grc' dir='ltr'>έν</span> <span class='ocrx_word' id='word_1_144' title='bbox 2480 2163 2551 2248; x_wconf 84' lang='grc' dir='ltr'>τῇ</span> <span class='ocrx_word' id='word_1_145' title='bbox 2580 2159 2748 2245; x_wconf 85' lang='grc' dir='ltr'>μάχῃ</span> 
     </span>
     <span class='ocr_line' id='line_1_19' title="bbox 768 2261 2251 2351; baseline 0.003 -23"><span class='ocrx_word' id='word_1_146' title='bbox 768 2277 912 2347; x_wconf 88' lang='grc'><strong>255.</strong></span> <span class='ocrx_word' id='word_1_147' title='bbox 959 2264 1144 2348; x_wconf 81' lang='grc' dir='ltr'>θέλγε</span> <span class='ocrx_word' id='word_1_148' title='bbox 1175 2261 1347 2351; x_wconf 88' lang='grc' dir='ltr'>νόον]</span> <span class='ocrx_word' id='word_1_149' title='bbox 1379 2264 1669 2348; x_wconf 79' lang='grc' dir='ltr'>“θέλγε”</span> <span class='ocrx_word' id='word_1_150' title='bbox 1703 2264 1830 2329; x_wconf 89' lang='grc' dir='ltr'>κατ’</span> <span class='ocrx_word' id='word_1_151' title='bbox 1864 2265 2251 2347; x_wconf 81' lang='grc' dir='ltr'>εὗφημισμόν</span> 
     </span>
     <span class='ocr_line' id='line_1_20' title="bbox 767 2364 1791 2453; baseline 0 -20"><span class='ocrx_word' id='word_1_152' title='bbox 767 2370 912 2434; x_wconf 88' lang='grc'><strong>260.</strong></span> <span class='ocrx_word' id='word_1_153' title='bbox 960 2364 1226 2453; x_wconf 76' lang='grc' dir='ltr'>ἔχματα]</span> <span class='ocrx_word' id='word_1_154' title='bbox 1261 2369 1791 2451; x_wconf 80' lang='grc' dir='ltr'>καταστηρίγματα</span> 
     </span>
     <span class='ocr_line' id='line_1_21' title="bbox 576 2468 2991 2559; baseline 0.001 -24"><span class='ocrx_word' id='word_1_155' title='bbox 576 2494 653 2535; x_wconf 88' lang='lat'>20</span> <span class='ocrx_word' id='word_1_156' title='bbox 769 2472 912 2552; x_wconf 88' lang='grc'><strong>265.</strong></span> <span class='ocrx_word' id='word_1_157' title='bbox 960 2471 1417 2554; x_wconf 85' lang='grc' dir='ltr'>κελευτιόωντο]</span> <span class='ocrx_word' id='word_1_158' title='bbox 1447 2471 1922 2553; x_wconf 82' lang='grc' dir='ltr'>παρεκελεύοντο</span> <span class='ocrx_word' id='word_1_159' title='bbox 1946 2470 2084 2534; x_wconf 90' lang='lat' dir='ltr'>A=</span> <span class='ocrx_word' id='word_1_160' title='bbox 2294 2485 2438 2554; x_wconf 92' lang='grc'><strong>277.</strong></span> <span class='ocrx_word' id='word_1_161' title='bbox 2482 2468 2598 2559; x_wconf 75' lang='grc' dir='ltr'>τό]</span> <span class='ocrx_word' id='word_1_162' title='bbox 2631 2472 2691 2536; x_wconf 70' lang='grc' dir='ltr'>οἱ</span> <span class='ocrx_word' id='word_1_163' title='bbox 2724 2472 2991 2539; x_wconf 71' lang='grc' dir='ltr'>Αἴαντες</span> 
     </span>
     <span class='ocr_line' id='line_1_22' title="bbox 775 2570 2511 2663; baseline 0.003 -23"><span class='ocrx_word' id='word_1_164' title='bbox 775 2574 916 2656; x_wconf 88' lang='grc'><strong>278.</strong></span> <span class='ocrx_word' id='word_1_165' title='bbox 963 2570 1114 2663; x_wconf 79' lang='grc' dir='ltr'>τῶν]</span> <span class='ocrx_word' id='word_1_166' title='bbox 1144 2573 1371 2640; x_wconf 75' lang='grc' dir='ltr'>τούτων</span> <span class='ocrx_word' id='word_1_167' title='bbox 1636 2588 1780 2657; x_wconf 90' lang='grc'><strong>279.</strong></span> <span class='ocrx_word' id='word_1_168' title='bbox 1826 2571 2042 2663; x_wconf 77' lang='grc' dir='ltr'>ὤρετο]</span> <span class='ocrx_word' id='word_1_169' title='bbox 2075 2576 2356 2659; x_wconf 77' lang='grc' dir='ltr'>ὥρμησεν</span> <span class='ocrx_word' id='word_1_170' title='bbox 2377 2575 2511 2646; x_wconf 63' lang='grc' dir='ltr'>Α-ὶ·</span> 
     </span>
     <span class='ocr_line' id='line_1_23' title="bbox 768 2674 2988 2767; baseline -0 -23"><span class='ocrx_word' id='word_1_171' title='bbox 768 2679 913 2744; x_wconf 87' lang='grc'><strong>280.</strong></span> <span class='ocrx_word' id='word_1_172' title='bbox 958 2676 1480 2761; x_wconf 87' lang='grc' dir='ltr'>πιφαυσκόμενος]</span> <span class='ocrx_word' id='word_1_173' title='bbox 1524 2680 1957 2760; x_wconf 88' lang='grc' dir='ltr'>προσημαίνων</span> <span class='ocrx_word' id='word_1_174' title='bbox 2000 2678 2063 2742; x_wconf 90' lang='grc' dir='ltr'><strong>Α</strong></span> <span class='ocrx_word' id='word_1_175' title='bbox 2082 2693 2134 2750; x_wconf 73' lang='lat'>4·</span> <span class='ocrx_word' id='word_1_176' title='bbox 2449 2678 2592 2765; x_wconf 83' lang='lat'><strong>283.</strong></span> <span class='ocrx_word' id='word_1_177' title='bbox 2639 2674 2988 2767; x_wconf 86' lang='grc' dir='ltr'>λωτεῦντα]</span> 
     </span>
     <span class='ocr_line' id='line_1_24' title="bbox 678 2780 1139 2848; baseline 0 -3"><span class='ocrx_word' id='word_1_178' title='bbox 678 2782 974 2848; x_wconf 67' lang='grc' dir='ltr'>ἀνθοῦντα</span> <span class='ocrx_word' id='word_1_179' title='bbox 1001 2780 1139 2845; x_wconf 87' lang='lat' dir='ltr'>A=</span> 
     </span>
     <span class='ocr_line' id='line_1_25' title="bbox 770 2882 2993 2972; baseline 0 -21"><span class='ocrx_word' id='word_1_180' title='bbox 770 2882 913 2951; x_wconf 88' lang='grc'><strong>286.</strong></span> <span class='ocrx_word' id='word_1_181' title='bbox 961 2885 1336 2967; x_wconf 80' lang='grc' dir='ltr'>κρύπτονται.</span> <span class='ocrx_word' id='word_1_182' title='bbox 1408 2888 1585 2963; x_wconf 77' lang='grc' dir='ltr'>ἐλύω,</span> <span class='ocrx_word' id='word_1_183' title='bbox 1621 2887 1656 2950; x_wconf 81' lang='grc' dir='ltr'><strong>ὅ</strong></span> <span class='ocrx_word' id='word_1_184' title='bbox 1683 2886 1934 2968; x_wconf 79' lang='grc' dir='ltr'>μέλλων</span> <span class='ocrx_word' id='word_1_185' title='bbox 1971 2888 2191 2963; x_wconf 77' lang='grc' dir='ltr'>έλύσω,</span> <span class='ocrx_word' id='word_1_186' title='bbox 2225 2890 2259 2952; x_wconf 80' lang='grc' dir='ltr'>ὁ</span> <span class='ocrx_word' id='word_1_187' title='bbox 2305 2887 2704 2972; x_wconf 81' lang='grc' dir='ltr'>παρατατικὸς</span> <span class='ocrx_word' id='word_1_188' title='bbox 2748 2888 2993 2961; x_wconf 81' lang='grc' dir='ltr'>εἷλυκα,</span> 
     </span>
     <span class='ocr_line' id='line_1_26' title="bbox 576 2988 2486 3071; baseline 0.001 -17"><span class='ocrx_word' id='word_1_189' title='bbox 576 3016 605 3054; x_wconf 85' lang='lat'>2</span> <span class='ocrx_word' id='word_1_190' title='bbox 615 3011 650 3071; x_wconf 83' lang='lat'>5</span> <span class='ocrx_word' id='word_1_191' title='bbox 676 2988 746 3053; x_wconf 83' lang='grc' dir='ltr'>τὸ</span> <span class='ocrx_word' id='word_1_192' title='bbox 775 2992 1181 3067; x_wconf 81' lang='grc' dir='ltr'>πληθυντικὸν</span> <span class='ocrx_word' id='word_1_193' title='bbox 1213 2990 1499 3069; x_wconf 78' lang='grc' dir='ltr'>εἰλύμεθα</span> <span class='ocrx_word' id='word_1_194' title='bbox 1530 2994 1779 3056; x_wconf 78' lang='grc' dir='ltr'>εἵλυσθε</span> <span class='ocrx_word' id='word_1_195' title='bbox 1810 2994 2077 3057; x_wconf 82' lang='grc' dir='ltr'>εἵλυνται</span> <span class='ocrx_word' id='word_1_196' title='bbox 2109 2999 2148 3028; x_wconf 87' lang='grc'><strong>“</strong></span> <span class='ocrx_word' id='word_1_197' title='bbox 2166 2991 2486 3057; x_wconf 74' lang='grc' dir='ltr'>εἶλύαται”</span> 
     </span>
     <span class='ocr_line' id='line_1_27' title="bbox 766 3087 2717 3181; baseline 0.005 -26"><span class='ocrx_word' id='word_1_198' title='bbox 766 3110 911 3176; x_wconf 89' lang='grc'><strong>293.</strong></span> <span class='ocrx_word' id='word_1_199' title='bbox 958 3087 1184 3180; x_wconf 70' lang='grc' dir='ltr'>ἕλιξιν]</span> <span class='ocrx_word' id='word_1_200' title='bbox 1218 3098 1345 3160; x_wconf 84' lang='grc' dir='ltr'>τοῖς</span> <span class='ocrx_word' id='word_1_201' title='bbox 1377 3094 1712 3178; x_wconf 83' lang='grc' dir='ltr'>εἱλ&lt;ο&gt;ῢσι</span> <span class='ocrx_word' id='word_1_202' title='bbox 1741 3092 1878 3160; x_wconf 76' lang='grc' dir='ltr'>τοὺς</span> <span class='ocrx_word' id='word_1_203' title='bbox 1907 3093 2097 3161; x_wconf 88' lang='grc' dir='ltr'>πόδας</span> <span class='ocrx_word' id='word_1_204' title='bbox 2142 3099 2209 3160; x_wconf 78' lang='grc' dir='ltr'>έν</span> <span class='ocrx_word' id='word_1_205' title='bbox 2238 3097 2310 3174; x_wconf 80' lang='grc' dir='ltr'>τῇ</span> <span class='ocrx_word' id='word_1_206' title='bbox 2341 3095 2556 3181; x_wconf 76' lang='grc' dir='ltr'>πορείᾳ</span> <span class='ocrx_word' id='word_1_207' title='bbox 2584 3096 2717 3164; x_wconf 86' lang='grc' dir='ltr'>Α·Ι-</span> 
     </span>
     <span class='ocr_line' id='line_1_28' title="bbox 768 3191 2843 3286; baseline 0.004 -29"><span class='ocrx_word' id='word_1_208' title='bbox 768 3194 912 3280; x_wconf 83' lang='grc'><strong>298.</strong></span> <span class='ocrx_word' id='word_1_209' title='bbox 959 3191 1293 3285; x_wconf 83' lang='grc' dir='ltr'>σχόμενος]</span> <span class='ocrx_word' id='word_1_210' title='bbox 1327 3197 1599 3280; x_wconf 85' lang='grc' dir='ltr'>κατέχων</span> <span class='ocrx_word' id='word_1_211' title='bbox 1776 3199 1920 3278; x_wconf 89' lang='grc'><strong>316.</strong></span> <span class='ocrx_word' id='word_1_212' title='bbox 1969 3195 2353 3286; x_wconf 87' lang='grc' dir='ltr'>καυστείρης]</span> <span class='ocrx_word' id='word_1_213' title='bbox 2386 3203 2492 3279; x_wconf 82' lang='grc' dir='ltr'>τῆς</span> <span class='ocrx_word' id='word_1_214' title='bbox 2522 3201 2843 3276; x_wconf 83' lang='grc' dir='ltr'>καυστικῆς</span> 
     </span>
     <span class='ocr_line' id='line_1_29' title="bbox 766 3296 2366 3388; baseline 0.003 -25"><span class='ocrx_word' id='word_1_215' title='bbox 766 3318 914 3384; x_wconf 88' lang='grc'><strong>340.</strong></span> <span class='ocrx_word' id='word_1_216' title='bbox 961 3296 1271 3388; x_wconf 74' lang='grc' dir='ltr'>έπῷχατο]</span> <span class='ocrx_word' id='word_1_217' title='bbox 1303 3299 1438 3379; x_wconf 87' lang='grc' dir='ltr'>ἤτοι</span> <span class='ocrx_word' id='word_1_218' title='bbox 1467 3301 1684 3384; x_wconf 84' lang='grc' dir='ltr'>όχεῢσι</span> <span class='ocrx_word' id='word_1_219' title='bbox 1713 3300 1873 3381; x_wconf 83' lang='grc' dir='ltr'>ἦσαν</span> <span class='ocrx_word' id='word_1_220' title='bbox 1901 3301 2366 3384; x_wconf 87' lang='grc' dir='ltr'>ἠσφαλισμέναι</span> 
     </span>
     <span class='ocr_line' id='line_1_30' title="bbox 769 3399 2731 3491; baseline 0.001 -22"><span class='ocrx_word' id='word_1_221' title='bbox 769 3421 915 3489; x_wconf 91' lang='grc'><strong>344.</strong></span> <span class='ocrx_word' id='word_1_222' title='bbox 963 3399 1028 3489; x_wconf 80' lang='grc' dir='ltr'>ὅ]</span> <span class='ocrx_word' id='word_1_223' title='bbox 1062 3407 1235 3467; x_wconf 84' lang='grc' dir='ltr'>τοῦτο</span> <span class='ocrx_word' id='word_1_224' title='bbox 1409 3417 1556 3489; x_wconf 87' lang='grc'><strong>345.</strong></span> <span class='ocrx_word' id='word_1_225' title='bbox 1604 3403 1793 3488; x_wconf 85' lang='grc' dir='ltr'>τάχα]</span> <span class='ocrx_word' id='word_1_226' title='bbox 1823 3410 1893 3468; x_wconf 82' lang='grc' dir='ltr'>τὸ</span> <span class='ocrx_word' id='word_1_227' title='bbox 1919 3405 2155 3489; x_wconf 90' lang='grc' dir='ltr'>ταχέως</span> <span class='ocrx_word' id='word_1_228' title='bbox 2183 3406 2345 3487; x_wconf 83' lang='grc' dir='ltr'>παρὰ</span> <span class='ocrx_word' id='word_1_229' title='bbox 2375 3407 2457 3491; x_wconf 70' lang='grc' dir='ltr'>τῷ</span> <span class='ocrx_word' id='word_1_230' title='bbox 2487 3404 2731 3491; x_wconf 74' lang='grc' dir='ltr'>Ὁμήρῳ</span> 
     </span>
    </p>
   </div>
   <div class='ocr_carea' id='block_1_3' title="bbox 574 3501 2836 3700">
    <p class='ocr_par' dir='ltr' id='par_1_3' title="bbox 574 3501 2836 3700">
     <span class='ocr_line' id='line_1_31' title="bbox 574 3501 2836 3597; baseline -0.004 -20"><span class='ocrx_word' id='word_1_231' title='bbox 574 3536 653 3595; x_wconf 84' lang='grc'>30</span> <span class='ocrx_word' id='word_1_232' title='bbox 767 3520 918 3593; x_wconf 85' lang='grc'><strong>347.</strong></span> <span class='ocrx_word' id='word_1_233' title='bbox 966 3501 1273 3594; x_wconf 75' lang='grc' dir='ltr'>ζαχρηεῖς]</span> <span class='ocrx_word' id='word_1_234' title='bbox 1307 3507 1465 3589; x_wconf 75' lang='grc' dir='ltr'>ἄγαν</span> <span class='ocrx_word' id='word_1_235' title='bbox 1494 3508 1760 3590; x_wconf 86' lang='grc' dir='ltr'>ἀνδρεῖοι</span> <span class='ocrx_word' id='word_1_236' title='bbox 2023 3524 2170 3594; x_wconf 88' lang='grc'><strong>353.</strong></span> <span class='ocrx_word' id='word_1_237' title='bbox 2214 3504 2414 3597; x_wconf 74' lang='grc' dir='ltr'>εἶθαρ]</span> <span class='ocrx_word' id='word_1_238' title='bbox 2450 3509 2668 3577; x_wconf 75' lang='grc' dir='ltr'>εὐθέως</span> <span class='ocrx_word' id='word_1_239' title='bbox 2694 3509 2836 3572; x_wconf 80' lang='lat' dir='ltr'>A:</span> 
     </span>
     <span class='ocr_line' id='line_1_32' title="bbox 766 3607 2158 3700; baseline 0.004 -26"><span class='ocrx_word' id='word_1_240' title='bbox 766 3610 913 3696; x_wconf 88' lang='grc'><strong>366.</strong></span> <span class='ocrx_word' id='word_1_241' title='bbox 962 3607 1160 3698; x_wconf 80' lang='grc' dir='ltr'>σφῶι]</span> <span class='ocrx_word' id='word_1_242' title='bbox 1193 3612 1363 3690; x_wconf 81' lang='grc' dir='ltr'>ὑμεῖς</span> <span class='ocrx_word' id='word_1_243' title='bbox 1624 3611 1771 3697; x_wconf 90' lang='grc'><strong>380.</strong></span> <span class='ocrx_word' id='word_1_244' title='bbox 1818 3608 1885 3700; x_wconf 81' lang='grc' dir='ltr'>ὅ]</span> <span class='ocrx_word' id='word_1_245' title='bbox 1919 3614 1953 3677; x_wconf 84' lang='grc' dir='ltr'>ὅ</span> <span class='ocrx_word' id='word_1_246' title='bbox 1981 3616 2158 3680; x_wconf 86' lang='grc' dir='ltr'>λίθος</span> 
     </span>
    </p>
   </div>
   <div class='ocr_carea' id='block_1_4' title="bbox 766 3709 2652 3805">
    <p class='ocr_par' dir='ltr' id='par_1_4' title="bbox 766 3709 2652 3805">
     <span class='ocr_line' id='line_1_33' title="bbox 766 3709 2652 3805; baseline 0.002 -27"><span class='ocrx_word' id='word_1_247' title='bbox 766 3714 915 3800; x_wconf 86' lang='grc'><strong>384.</strong></span> <span class='ocrx_word' id='word_1_248' title='bbox 963 3709 1418 3800; x_wconf 75' lang='grc' dir='ltr'>σὺν-ἄραξεν]</span> <span class='ocrx_word' id='word_1_249' title='bbox 1453 3715 1821 3798; x_wconf 76' lang='grc' dir='ltr'>συνέτριψεν</span> <span class='ocrx_word' id='word_1_250' title='bbox 2082 3735 2229 3801; x_wconf 89' lang='grc'><strong>390.</strong></span> <span class='ocrx_word' id='word_1_251' title='bbox 2276 3711 2402 3805; x_wconf 78' lang='grc' dir='ltr'>ἄψ]</span> <span class='ocrx_word' id='word_1_252' title='bbox 2437 3718 2652 3782; x_wconf 77' lang='grc' dir='ltr'>ὄπιθεν</span> 
     </span>
    </p>
   </div>
   <div class='ocr_carea' id='block_1_5' title="bbox 576 3813 2999 4527">
    <p class='ocr_par' dir='ltr' id='par_1_5' title="bbox 576 3813 2999 4527">
     <span class='ocr_line' id='line_1_34' title="bbox 766 3813 2605 3908; baseline 0.001 -26"><span class='ocrx_word' id='word_1_253' title='bbox 766 3819 911 3904; x_wconf 91' lang='grc'><strong>396.</strong></span> <span class='ocrx_word' id='word_1_254' title='bbox 956 3813 1187 3907; x_wconf 84' lang='grc' dir='ltr'>βράχε]</span> <span class='ocrx_word' id='word_1_255' title='bbox 1220 3816 1456 3901; x_wconf 82' lang='grc' dir='ltr'>ἤχησεν</span> <span class='ocrx_word' id='word_1_256' title='bbox 1720 3832 1865 3906; x_wconf 92' lang='grc'><strong>397.</strong></span> <span class='ocrx_word' id='word_1_257' title='bbox 1914 3814 2202 3908; x_wconf 74' lang='grc' dir='ltr'>ἔπαλξιν]</span> <span class='ocrx_word' id='word_1_258' title='bbox 2235 3826 2605 3905; x_wconf 81' lang='grc' dir='ltr'>προμαχῶνα</span> 
     </span>
     <span class='ocr_line' id='line_1_35' title="bbox 763 3918 2999 4010; baseline 0.004 -27"><span class='ocrx_word' id='word_1_259' title='bbox 763 3940 914 4000; x_wconf 89' lang='grc'><strong>400.</strong></span> <span class='ocrx_word' id='word_1_260' title='bbox 962 3918 1408 4010; x_wconf 86' lang='grc' dir='ltr'>ὀμαρτήσαντε]</span> <span class='ocrx_word' id='word_1_261' title='bbox 1449 3923 1597 4002; x_wconf 80' lang='grc' dir='ltr'>ὁμοῦ</span> <span class='ocrx_word' id='word_1_262' title='bbox 1642 3924 1743 3988; x_wconf 86' lang='grc' dir='ltr'>καὶ</span> <span class='ocrx_word' id='word_1_263' title='bbox 1782 3922 1900 3987; x_wconf 77' lang='grc' dir='ltr'>ὑπὸ</span> <span class='ocrx_word' id='word_1_264' title='bbox 1939 3923 2047 3987; x_wconf 83' lang='grc' dir='ltr'>τὸν</span> <span class='ocrx_word' id='word_1_265' title='bbox 2098 3922 2281 3988; x_wconf 78' lang='grc' dir='ltr'>αὐτὸν</span> <span class='ocrx_word' id='word_1_266' title='bbox 2330 3923 2536 4005; x_wconf 81' lang='grc' dir='ltr'>καιρὸν</span> <span class='ocrx_word' id='word_1_267' title='bbox 2573 3923 2859 4006; x_wconf 78' lang='grc' dir='ltr'>ἀφιέντες</span> <span class='ocrx_word' id='word_1_268' title='bbox 2912 3931 2999 3993; x_wconf 80' lang='grc' dir='ltr'>τᾶ</span> 
     </span>
     <span class='ocr_line' id='line_1_36' title="bbox 576 4021 2949 4113; baseline 0.002 -24"><span class='ocrx_word' id='word_1_269' title='bbox 576 4051 652 4113; x_wconf 83' lang='lat'>35</span> <span class='ocrx_word' id='word_1_270' title='bbox 679 4021 1058 4107; x_wconf 66' lang='grc' dir='ltr'>δόραταΑε</span> <span class='ocrx_word' id='word_1_271' title='bbox 2944 4043 2949 4047; x_wconf 83' lang='grc'><strong><em>’</em></strong></span> 
     </span>
     <span class='ocr_line' id='line_1_37' title="bbox 765 4124 2833 4220; baseline 0.003 -30"><span class='ocrx_word' id='word_1_272' title='bbox 765 4146 914 4207; x_wconf 88' lang='grc'><strong>401.</strong></span> <span class='ocrx_word' id='word_1_273' title='bbox 959 4124 1312 4217; x_wconf 77' lang='grc' dir='ltr'>τελαμῶνα]</span> <span class='ocrx_word' id='word_1_274' title='bbox 1346 4132 1496 4195; x_wconf 70' lang='grc' dir='ltr'>κατὰ</span> <span class='ocrx_word' id='word_1_275' title='bbox 1525 4129 1632 4196; x_wconf 89' lang='grc' dir='ltr'>τόν</span> <span class='ocrx_word' id='word_1_276' title='bbox 1891 4130 2040 4209; x_wconf 92' lang='grc'><strong>406.</strong></span> <span class='ocrx_word' id='word_1_277' title='bbox 2085 4127 2399 4220; x_wconf 75' lang='grc' dir='ltr'>χώρησεν]</span> <span class='ocrx_word' id='word_1_278' title='bbox 2428 4130 2833 4217; x_wconf 70' lang='grc' dir='ltr'>ἀπεχώρησεν</span> 
     </span>
     <span class='ocr_line' id='line_1_38' title="bbox 962 4228 2561 4322; baseline 0.003 -27"><span class='ocrx_word' id='word_1_279' title='bbox 962 4228 1281 4321; x_wconf 79' lang='grc' dir='ltr'>ἐπάλξιος]</span> <span class='ocrx_word' id='word_1_280' title='bbox 1313 4231 1438 4298; x_wconf 71' lang='grc' dir='ltr'>ἀπὸ</span> <span class='ocrx_word' id='word_1_281' title='bbox 1697 4250 1847 4313; x_wconf 87' lang='grc'><strong>422.</strong></span> <span class='ocrx_word' id='word_1_282' title='bbox 1894 4231 2183 4322; x_wconf 71' lang='grc' dir='ltr'>ἐπιξύνῳ]</span> <span class='ocrx_word' id='word_1_283' title='bbox 2218 4235 2500 4321; x_wconf 71' lang='grc' dir='ltr'>έπικοίνῳ</span> <span class='ocrx_word' id='word_1_284' title='bbox 2552 4283 2561 4292; x_wconf 83' lang='grc'>.</span> 
     </span>
     <span class='ocr_line' id='line_1_39' title="bbox 762 4333 2548 4428; baseline 0.001 -26"><span class='ocrx_word' id='word_1_285' title='bbox 762 4353 911 4421; x_wconf 87' lang='grc'><strong>423.</strong></span> <span class='ocrx_word' id='word_1_286' title='bbox 958 4334 1094 4420; x_wconf 81' lang='grc' dir='ltr'>περὶ</span> <span class='ocrx_word' id='word_1_287' title='bbox 1125 4333 1293 4424; x_wconf 73' lang='grc' dir='ltr'>ἴσης]</span> <span class='ocrx_word' id='word_1_288' title='bbox 1327 4338 1465 4420; x_wconf 86' lang='grc' dir='ltr'>περὶ</span> <span class='ocrx_word' id='word_1_289' title='bbox 1493 4342 1601 4400; x_wconf 82' lang='grc' dir='ltr'>τοῦ</span> <span class='ocrx_word' id='word_1_290' title='bbox 1629 4339 1772 4403; x_wconf 75' lang='grc' dir='ltr'>ἴσου</span> <span class='ocrx_word' id='word_1_291' title='bbox 1943 4357 2092 4418; x_wconf 89' lang='grc'><strong>424.</strong></span> <span class='ocrx_word' id='word_1_292' title='bbox 2139 4337 2453 4428; x_wconf 75' lang='grc' dir='ltr'>ἐπάλξεις]</span> <span class='ocrx_word' id='word_1_293' title='bbox 2484 4342 2548 4404; x_wconf 75' lang='grc' dir='ltr'>αἱ</span> 
     </span>
     <span class='ocr_line' id='line_1_40' title="bbox 762 4434 1443 4527; baseline -0.006 -20"><span class='ocrx_word' id='word_1_294' title='bbox 762 4458 916 4523; x_wconf 88' lang='grc'><strong>429.</strong></span> <span class='ocrx_word' id='word_1_295' title='bbox 961 4434 1251 4527; x_wconf 90' lang='grc' dir='ltr'>ἀσπίδος]</span> <span class='ocrx_word' id='word_1_296' title='bbox 1291 4438 1443 4504; x_wconf 87' lang='grc' dir='ltr'>κατά</span> 
     </span>
    </p>
   </div>
   <div class='ocr_carea' id='block_1_6' title="bbox 681 4566 2993 4695">
    <p class='ocr_par' dir='ltr' id='par_1_6' title="bbox 681 4566 2993 4695">
     <span class='ocr_line' id='line_1_41' title="bbox 749 4566 2993 4637; baseline 0.004 -22"><span class='ocrx_word' id='word_1_297' title='bbox 749 4580 792 4615; x_wconf 89' lang='lat'>1.</span> <span class='ocrx_word' id='word_1_298' title='bbox 825 4566 1059 4615; x_wconf 63' lang='lat' dir='ltr'><strong>hennom</strong></span> <span class='ocrx_word' id='word_1_299' title='bbox 1080 4566 1303 4616; x_wconf 66' lang='lat' dir='ltr'><strong>indicavi</strong></span> <span class='ocrx_word' id='word_1_300' title='bbox 1327 4571 1348 4625; x_wconf 86' lang='grc' dir='ltr'>ΙΙ</span> <span class='ocrx_word' id='word_1_301' title='bbox 1377 4580 1421 4615; x_wconf 79' lang='lat'>2.</span> <span class='ocrx_word' id='word_1_302' title='bbox 1446 4567 1675 4632; x_wconf 71' lang='lat' dir='ltr'><strong>supplevi</strong></span> <span class='ocrx_word' id='word_1_303' title='bbox 1697 4585 1761 4618; x_wconf 81' lang='lat' dir='ltr'>ex</span> <span class='ocrx_word' id='word_1_304' title='bbox 1782 4569 1868 4619; x_wconf 78' lang='lat' dir='ltr'>Et.</span> <span class='ocrx_word' id='word_1_305' title='bbox 1892 4570 1967 4619; x_wconf 83' lang='lat' dir='ltr'>M.</span> <span class='ocrx_word' id='word_1_306' title='bbox 1997 4573 2017 4629; x_wconf 89' lang='grc' dir='ltr'>ΙΙ</span> <span class='ocrx_word' id='word_1_307' title='bbox 2048 4571 2122 4621; x_wconf 90' lang='lat'>18.</span> <span class='ocrx_word' id='word_1_308' title='bbox 2147 4569 2465 4633; x_wconf 74' lang='grc' dir='ltr'>εὔφημησμὸν</span> <span class='ocrx_word' id='word_1_309' title='bbox 2498 4575 2521 4631; x_wconf 79' lang='grc' dir='ltr'>ΙΙ</span> <span class='ocrx_word' id='word_1_310' title='bbox 2561 4584 2638 4636; x_wconf 79' lang='lat'>24.</span> <span class='ocrx_word' id='word_1_311' title='bbox 2662 4570 2941 4637; x_wconf 70' lang='grc' dir='ltr'>κρύπτοντα</span> <span class='ocrx_word' id='word_1_312' title='bbox 2969 4581 2993 4637; x_wconf 82' lang='lat' dir='ltr'>n</span> 
     </span>
     <span class='ocr_line' id='line_1_42' title="bbox 681 4627 1479 4695; baseline -0.001 -16"><span class='ocrx_word' id='word_1_313' title='bbox 681 4642 759 4690; x_wconf 75' lang='lat'>32.</span> <span class='ocrx_word' id='word_1_314' title='bbox 793 4627 1078 4692; x_wconf 76' lang='grc' dir='ltr'>συνέτριψεν</span> <span class='ocrx_word' id='word_1_315' title='bbox 1100 4631 1177 4679; x_wconf 80' lang='lat' dir='ltr'>D:</span> <span class='ocrx_word' id='word_1_316' title='bbox 1213 4635 1353 4694; x_wconf 76' lang='grc' dir='ltr'>-εψεν</span> <span class='ocrx_word' id='word_1_317' title='bbox 1375 4631 1479 4695; x_wconf 79' lang='lat' dir='ltr'>legi</span> 
     </span>
    </p>
   </div>
  </div>
 </body>
</html>
