3298 5195
681 389 810 451 500
1510 388 1853 450 ιΛιΑΔοΣ
1903 389 1971 451 Β.
2018 384 2150 472 (2)

772 558 922 646 389.
969 556 1386 650 ἀμφιβρότης]
1416 563 1524 641 τῆς
1552 559 1940 643 πανταχόθεν
1967 563 2076 624 τὸν
2103 558 2334 642 βροτὸν
2362 560 2853 643 περισκεπούσ-ης

769 683 917 750 390.
963 660 1201 753 ἐύξοον]
1236 669 1341 730 τὸν
1371 669 1572 731 καλῶς
1605 661 2169 742 κατεσκευασμένον

771 787 920 853 391.
951 766 1023 832 δν
1052 766 1121 833 δέ
1150 768 1201 833 κ’
1227 763 1415 856 ἑγῶν]
1449 766 1530 854 τῷ
1561 768 1628 832 δὲ
1652 767 1896 833 θέλοντι
1920 765 2173 850 φεύγειν
2203 765 2312 832 τὸν
2342 767 2618 847 πόλεμον
2647 766 2762 851 οὐχ
2784 768 3000 833 ἰκανὸν

685 872 822 937 οὐδὲ
875 870 1163 956 αὔταρκες
1211 869 1537 955 γενήσεται
1588 875 1740 953 πρὸς
1790 870 1861 935 τὸ
1908 868 1991 950 μὴ
2035 869 2152 935 ὑπὸ
2198 876 2392 937 κυνῶν
2437 869 2536 936 καὶ
2580 869 2998 954 σαρκοφάγων

620 1002 656 1061 5
686 977 910 1059 ὅρνεων
938 978 1394 1055 διασπασθῆναι

772 1079 921 1163 398.
968 1076 1387 1163 κεδασθέντες]
1420 1076 1861 1146 σκεδασθέντες

769 1214 922 1273 400.
969 1191 1163 1284 ἔρεζε]
1196 1194 1441 1262 δύναται
1472 1194 1594 1260 ἀπὸ
1623 1200 1730 1259 τοῦ
1762 1197 2056 1277 ἑπαρκοῦς
2087 1194 2156 1258 τὸ
2184 1165 2314 1276 βοῆ

769 1317 919 1377 421.
958 1299 1322 1385 οὐλοχύτας]
1358 1299 1566 1381 κριθάς

772 1422 924 1484 422.
955 1400 1280 1491 αὐέρυσαν]
1309 1405 1396 1471 εἰς
1413 1402 1684 1467 τούπίσω
1704 1405 2002 1469 εἵλκυσαν
2018 1401 2155 1470 τοὺς
2169 1399 2510 1485 τραχήλους
2532 1406 2653 1466 τῶν
2666 1400 2905 1488 ζῷωνΑ
2922 1416 2980 1473 -1-

583 1518 660 1561 10
771 1525 923 1587 424.
962 1501 1253 1594 δίπτυχα]
1286 1512 1542 1572 διπλοῦν
1570 1498 1679 1571 τὸν
1708 1507 2011 1571 ἐπίπλουν

967 1609 1061 1678 ἐπ’
1092 1608 1320 1699 αὐτῶν]
1353 1619 1475 1677 τῶν
1503 1618 1734 1693 βωμῶν
1989 1623 2144 1692 425.
2190 1605 2562 1698 ἀφύλλοισι]
2597 1607 2803 1692 ξηροῖς

770 1716 920 1792 426.
964 1716 1289 1799 ὑπείρεχον
1316 1711 1726 1805 Ἡφαίστοιο]
1759 1712 2036 1796 ὑπεράνω
2067 1714 2239 1797 εἶχον
2266 1714 2453 1795 πυρός

769 1831 923 1903 435.
970 1819 1096 1899 δῆτ’
1128 1815 1297 1907 αὖθι]
1330 1819 1530 1884 πολὺν
1556 1820 1785 1904 χρόνον
1818 1818 1958 1881 A=
2186 1812 2539 1905 λεγώμεθα]
2573 1818 2999 1902 διαλεγόμεθα

770 1924 921 2008 436.
969 1918 1177 2011 ἔργον]
1210 1921 1318 1987 τὸν
1346 1923 1621 2005 πόλεμον
1796 1922 1948 2001 448.
1993 1917 2347 2010 ἠερέθοντο]
2384 1920 2711 2004 ἐκρέμαντο

584 2030 656 2089 ¹5
771 2047 922 2111 449.
972 2022 1401 2116 ἑκατόμβοιος]
1435 2030 1652 2092 ἑκατὸν
1685 2032 1860 2108 βοῶν
1888 2025 2022 2105 ἤτοι
2058 2022 2432 2115 [πλείστων]
2467 2023 2638 2106 ἄξιος
2666 2024 2805 2093 Α-Ι-

968 2127 1254 2221 ἕκαστος]
1291 2128 1629 2219 [θυσάνων]
1894 2143 2043 2210 450.
2087 2126 2194 2218 τῇ]
2228 2130 2304 2219 τῇ
2339 2132 2528 2213 αἰγίδι

771 2247 923 2316 454.
968 2229 1356 2322 γλαφυρῇσι]
1392 2234 1627 2301 κοίλαις
1659 2233 1944 2314 βαθείαις
2075 2245 2227 2314 455.
2260 2228 2557 2322 ἀίδηλον]
2591 2231 2996 2314 ἀφανιστικόν

770 2349 922 2419 457.
968 2332 1234 2425 χαλκοῦ]
1265 2341 1373 2418 τῆς
1402 2339 1748 2404 πανοπλίας

773 2442 926 2519 461.
968 2437 1195 2527 Ἀσίῳ]
1230 2442 1298 2505 ἑν
1326 2442 1409 2526 τῷ
1440 2443 1549 2519 τῆς
1575 2438 1797 2508 Ἀσίας
1828 2439 2120 2527 συμφύτῳ
2150 2443 2317 2527 τόπῳ

581 2558 660 2603 20
773 2543 923 2626 469.
972 2543 1261 2628 ἀδινάων]
1299 2550 1418 2609 τῶν
1448 2542 1602 2624 ἅδην
1631 2541 1731 2609 καὶ
1761 2549 2045 2628 δαψιλῶς
2090 2544 2457 2626 πετομένων·
2502 2548 2648 2612 ὅθεν
2678 2545 2776 2611 καὶ
2806 2541 2997 2610 δασύ-

687 2672 859 2714 νεται

771 2767 923 2834 474.
969 2747 1253 2841 αἰπόλια]
1303 2754 1625 2835 αἰγονόμια
1672 2752 1931 2837 μεγάλα,
1968 2754 2065 2818 ὅτι
2120 2755 2186 2817 ἑν
2226 2750 2589 2834 διαστήματι
2630 2754 2729 2818 καὶ
2768 2748 2996 2818 πλάτει

687 2858 973 2925 πλείονες
1002 2856 1285 2936 νέμονται
1325 2858 1390 2922 αἱ
1426 2857 1595 2940 αἶγες
1622 2857 1762 2920 A=

774 2962 1061 3026 αἰπόλιον
1087 2959 1336 3043 λέγεται
1365 2960 1438 3024 τὸ
1465 2965 1587 3026 τῶν
1606 2961 1796 3044 αἰγῶν
1817 2964 2073 3041 πλῆθος,
2104 2964 2385 3040 ποίμνιον
2405 2967 2476 3025 τὸ
2498 2966 2619 3025 τῶν
2641 2959 2996 3042 προβάτων,

584 3095 616 3135 2
624 3090 659 3152 5
688 3064 993 3144 συβόσιον
1020 3063 1091 3128 τὸ
1112 3068 1234 3128 τῶν
1250 3065 1495 3148 χοίρων,
1518 3064 1853 3144 βουκόλιον
1881 3071 1950 3129 τὸ
1979 3070 2100 3129 τῶν
2120 3069 2310 3145 βοῶν,
2331 3064 2751 3146 ἱπποφόρβιον
2778 3069 2849 3126 τὸ
2872 3069 2999 3129 τῶν

687 3170 892 3235 ἵππων
917 3165 1040 3230 ΑΒ
1055 3195 1119 3225 =

1813 3348 1878 3408 Γ.

780 3486 833 3532 1.
880 3473 915 3504 “
940 3466 1126 3550 αὐτάρ
1150 3464 1183 3493 ”
1233 3467 1573 3548 σύνδεσμος
1618 3473 2065 3549 συμπλεκτικὸς
2109 3469 2490 3549 ἰσοδυναμῶν
2532 3468 2616 3554 τῷ
2671 3468 2757 3547 δέ,
2806 3468 2996 3557 ταύτῃ

688 3573 753 3635 δὲ
814 3570 1119 3653 διαφέρων
1173 3570 1370 3649 αὐτοῦ,
1415 3568 1450 3652 ᾖ
1498 3573 1532 3635 ὁ
1573 3571 1688 3652 μὲν
1733 3581 1774 3609 “
1796 3571 1982 3655 αὐτάρ
1999 3571 2037 3598 ”
2082 3571 2500 3655 προτάσσεται
2548 3574 2584 3636 ὁ
2625 3576 2692 3638 δὲ
2737 3570 2805 3636 δέ
2843 3575 2999 3637 ὐπο-

585 3709 664 3766 30
687 3673 985 3741 τάσσεται
1007 3675 1147 3738 A:

927 3774 1263 3868 κόσμηθεν]
1299 3785 1587 3864 Δωρικῶς
1615 3780 1680 3845 A
1699 3794 1753 3850 -Ι-

928 3880 1031 3963 ἅμ’
1058 3879 1497 3972 ἡγεμόνεσσιν]
1529 3882 1665 3964 ἤτοι
1693 3883 1811 3949 ὑπὸ
1841 3890 1962 3948 τῶν
1989 3882 2306 3966 ἡγεμόνων
2334 3881 2372 3963 ἢ
2405 3884 2521 3948 σὺν
2550 3887 2679 3950 τοῖς

777 4005 837 4071 3.
883 3984 1167 4067 οὐρανόθι
1197 3982 1346 4075 πρό]
1378 3994 1495 4070 πρὸ
1525 3993 1632 4052 τοῦ
1664 3987 1836 4071 ἀέρος

775 4109 838 4166 4.
882 4086 1181 4179 χειμῶνα]
1213 4090 1321 4156 τὸν
1349 4098 1697 4176 χειμερινὸν
1725 4092 1917 4155 τόπον
1945 4090 2081 4170 ἤτοι
2111 4092 2222 4171 τὴν
2245 4089 2496 4176 Θρᾴκην
2516 4090 2651 4161 Α-Ι-

586 4210 662 4271 35
777 4194 839 4257 6.
886 4191 1291 4282 Πυγμαίοισι]
1338 4195 1716 4279 πυγονιαίοις
1759 4193 2034 4278 πηχέοις,
2087 4194 2223 4274 ἥτοι
2273 4195 2395 4260 ἀπὸ
2445 4197 2764 4278 Πυγμαίου
2805 4203 3001 4277 βασι-

686 4296 847 4365 λέως
894 4297 1048 4361 οὕτω
1100 4297 1508 4378 κεκλημένοις·
1563 4298 1772 4381 πυγῶν
1814 4299 1881 4363 δὲ
1927 4302 2202 4363 καλεῖται
2247 4300 2283 4362 ὁ
2327 4303 2544 4383 πῆχυς,
2596 4304 2667 4362 τὸ
2712 4301 2833 4363 ἀπὸ
2879 4300 2998 4382 ἀγ-

691 4407 878 4468 κῶνος
909 4401 1022 4467 ἔως
1053 4400 1364 4465 δακτύλων
1392 4404 1500 4481 τῆς
1527 4400 1733 4485 χειρὸς
1765 4400 2087 4483 διάστημα.
2156 4402 2288 4468 ἔστι
2334 4406 2400 4468 δὲ
2444 4403 2617 4470 ἔθνος
2646 4409 3001 4486 γεωργικῶν

687 4504 1024 4586 ἀνθρώπων
1060 4510 1288 4586 μικρῶν
1334 4504 1770 4572 κατοικούντων
1811 4508 1897 4573 εἰς
1938 4509 2015 4570 τᾶ
2052 4506 2335 4573 ἀνωτάτω
2364 4506 2514 4590 μέρη
2546 4507 2652 4585 τῆς
2681 4506 2999 4590 Αἰγύπτου

690 4644 1036 4768 μαῖὼπεῗσόὀ
1059 4648 1193 4698 AD:
1228 4645 1322 4710 πρὸ
1344 4651 1368 4708 n
1395 4658 1440 4710 7.
1462 4655 1700 4714 corrupta
1733 4655 1755 4710 ιΙ
1795 4664 1871 4710 20,
1901 4663 1981 4701 21.
2003 4649 2287 4700 δασῦνονται
2320 4656 2343 4711 11
2373 4665 2448 4716 ²9.
2472 4652 2604 4714 αὑτῷ
2632 4656 2654 4711 ΙΙ
2682 4664 2760 4714 35.
2796 4668 3001 4716 πυγονιο
