3298 5195
1193 386 1533 447 ιΛιΑΔοΣ
1583 388 1653 447 E.
1701 381 1832 468 (5)
2538 384 2669 447 509

445 568 596 644 501.
643 553 905 645 ἑτάροιο]
941 557 1116 623 ἕνεκα

444 664 597 743 506.
643 657 915 750 νεκρούς]
947 661 1084 728 τοὺς
1116 662 1302 728 ἰδίους
1332 658 1387 723 Β
1407 674 1462 732 4—
1663 673 1810 743 507.
1856 656 2155 744 προτέρω]
2186 659 2495 743 ἔμπροσθε

445 762 597 846 508.
644 760 1000 853 Περγάμου]
1035 766 1101 829 ἐκ
1130 768 1237 844 τῆς
1267 764 1653 848 ἀκροπόλεως
1685 763 1746 826 Α
1763 778 1819 832 ÷

446 882 598 951 509.
644 865 864 956 εἵκετε]
898 870 1268 952 ὖποχωρεῖτε

447 986 526 1053 51
545 989 599 1037 1.
644 967 1048 1060 ταμεσίχροα]
1083 972 1372 1053 τέμνοντα
1399 976 1508 1037 τὸν
1534 976 1740 1055 χρῶτα
2624 1000 2635 1007 ·
2694 982 2737 1049 5

448 1089 599 1160 517.
643 1075 1119 1160 Ἀμαρυγκείδην
1150 1072 1418 1164 Διώρεα]
1449 1074 1832 1159 Ἀμαρύγκου
1862 1079 2051 1140 παῖδα
2079 1076 2321 1158 Διῶρην

447 1192 598 1259 520.
645 1176 1067 1268 Ἰμβρασίδης]
1101 1183 1244 1246 παῖς
1271 1177 1609 1261 Ἰμβράσου
1878 1175 2167 1268 Αἰνόθεν]
2202 1180 2322 1243 ἀπὸ
2353 1181 2459 1259 τῆς
2482 1180 2670 1244 Αἴνου

447 1297 599 1366 522.
644 1280 1051 1372 ἀπηλοίησεν]
1086 1289 1398 1350 παντελῶς
1430 1282 1748 1365 ἀπέκοψεν

412 1388 598 1468 ..526
640 1386 910 1471 χολάδας
939 1391 1016 1451 τὰ
1052 1385 1263 1470 ἔντερά
1307 1394 1521 1468 φησιν,
1553 1385 1764 1467 ἐπειδὴ
1811 1387 1899 1453 εἰς
1944 1385 2095 1451 αὐτὰ
2141 1389 2350 1469 συρρεῖ
2390 1385 2429 1467 ἦ
2477 1385 2668 1468 ξανθὴ

358 1488 542 1574 χολή,
589 1496 765 1555 τοῦτο
807 1490 1318 1574 μηχανησαμένης
1366 1492 1472 1568 τῆς
1516 1489 1764 1571 φύσεως
1813 1495 1963 1572 πρὸς
2014 1495 2083 1554 τὸ
2136 1491 2669 1572 διαθερμαίνεσθαι
2700 1506 2776 1548 10

361 1595 511 1660 αὐτὸ
556 1596 627 1681 τῇ
675 1594 978 1678 δριμύτητι
1027 1594 1208 1674 αὐτῆς
1270 1592 1421 1676 πρὸς
1469 1593 1581 1673 τὴν
1628 1594 1954 1675 ἀπόκρισιν
2005 1598 2127 1658 τῶν
2185 1593 2664 1676 περιττωμάτων·

359 1697 593 1779 ἤμελλε
623 1698 742 1782 γὰρ
772 1702 984 1782 ψυχρὰ
1015 1700 1162 1764 ὄντα
1191 1699 1263 1785 τῇ
1295 1696 1507 1780 κράσει
1538 1695 1695 1780 ἀργὰ
1728 1695 1936 1778 μένειν
1981 1698 2081 1762 καὶ
2122 1696 2425 1779 μηδέποτε
2468 1701 2670 1763 ποιεῖν

359 1802 472 1882 τὴν
501 1803 841 1884 ἀπόκρισιν.
901 1807 1148 1867 τοιαῦτα
1176 1804 1294 1883 γὰρ
1322 1803 1400 1866 τὰ
1428 1801 1692 1883 νευρώδη
1724 1799 1924 1865 πάντα
1950 1800 2014 1863 Α
2031 1814 2086 1872 -1-
2154 1799 2168 1813 ‘

447 1918 600 1987 527.
647 1900 1100 1993 ἀπεσσύμενον]
1135 1905 1695 1987 ἀπαλλαττόμενον,
1726 1905 2144 1987 ἀπερχόμενον

445 2024 594 2094 529.
642 2003 1011 2096 ἀγχίμολον]
1045 2011 1112 2073 ἐκ
1142 2013 1247 2072 τοῦ
1277 2007 1592 2091 σύνεγγυς,
1619 2005 1751 2089 μετ’
1780 2007 1851 2073 οὗ
1879 2009 2040 2073 πολύ
2696 2020 2772 2082 15

446 2124 595 2198 533.
645 2107 1087 2200 <ἀκρόκομοι>]
1120 2110 1255 2191 ἤτοι
1292 2111 1488 2193 ἄκρως
1532 2116 1832 2192 κομῶντες
1860 2107 1898 2191 ἢ
1930 2113 1990 2176 01
2031 2111 2116 2193 μὴ
2164 2117 2464 2193 κομῶντες
2507 2111 2666 2197 ἄγαν

357 2220 510 2297 μηδὲ
539 2215 730 2282 πάλιν
758 2215 1127 2298 ἐψιλωμένοι
1157 2215 1269 2295 τὴν
1300 2212 1578 2297 κεφαλήν

447 2332 595 2405 534·
638 2314 861 2406 μέγαν]
896 2318 1185 2402 εὖμεγέθη

446 2436 597 2509 535.
643 2418 1011 2510 πελεμίχθη]
1044 2421 1179 2502 ἤτοι
1209 2427 1336 2491 τοῖς
1366 2419 1624 2511 πέλῘας]
1660 2424 1759 2489 καὶ
1789 2428 1916 2491 τοῖς
1947 2424 2190 2491 οἰκείοις
2221 2425 2441 2509 ἐμίχθη

448 2542 598 2613 539.
643 2521 851 2615 ἔργον]
884 2525 991 2591 τὸν
1020 2529 1293 2609 πόλεμον
2692 2544 2775 2591 20

1464 2724 1556 2810 Ε.

447 2881 509 2938 4.
556 2859 717 2944 δαῖε]
766 2861 1000 2927 ἐδαίετο
1049 2860 1123 2941 ἦν
1176 2862 1276 2925 καὶ
1329 2858 1655 2944 ἀφαιρέσει
1713 2864 1820 2941 τῆς
1870 2860 1904 2927 ἓ
1954 2861 2053 2927 καὶ
2103 2860 2383 2950 ἀποκοπῇ
2436 2862 2545 2940 τῆς
2595 2862 2667 2925 r'o

360 2970 396 2999 “
421 2969 554 3030 δαῖε
573 2963 609 2988 ”

446 3088 506 3153 9.
554 3070 832 3153 ἀφνειός]
863 3071 994 3135 οῖον
1022 3070 1296 3144 ἀπενεός.
1328 3071 1361 3133 ὅ
1390 3070 1474 3152 μὴ
1506 3072 1835 3152 πενόμενος

450 3190 552 3238 12.
601 3170 691 3262 οἰ]
726 3175 859 3240 ἀντὶ
889 3179 994 3237 τοῦ
1027 3172 1321 3253 Διομήδει
2696 3204 2771 3264 25

598 3271 1054 3364 ἀποκρινθέντε]
1086 3281 1192 3340 τοῦ
1221 3277 1444 3342 οἰκείου
1472 3274 1746 3357 πλήθους
2800 3299 2804 3304 ·

450 3399 552 3465 19.
594 3376 989 3469 μεταμάζιον]
1020 3407 1174 3459 μετα
1204 3386 1324 3447 τῶν
1349 3382 1556 3461 μαζῶν

596 3479 753 3573 ωσε]
786 3478 1030 3550 ἀπέωσε
1061 3485 1160 3549 καὶ
1191 3483 1537 3565 κατέβαλεν
1714 3503 1816 3552 21.
1847 3482 2210 3573 περιβῆναι]
2242 3490 2661 3571 περιμαχῆσαι

447 3588 549 3655 26.
580 3588 893 3674 κατάγειν]
907 3589 1208 3671 ἐμφαίνει,
1217 3590 1310 3652 ὅτι
1336 3589 1402 3655 ἐν
1420 3587 1744 3675 κοιλοτέρῳ
1761 3592 1926 3677 τόπῳ
1948 3589 2100 3670 ἦντὸ
2120 3591 2504 3671 ναύσταθμον
2516 3589 2571 3654 Β
2589 3606 2645 3660 -1-

445 3711 549 3778 30.
574 3692 766 3775 Ἀρης
796 3695 1079 3774 σημαίνει
1109 3690 1179 3757 ε’·
1223 3692 1329 3757 τὸν
1347 3693 1690 3774 πόλεμον,“
1657 3719 1737 3760 ως
1764 3699 1836 3758 τὸ
1854 3700 1888 3729 “
1911 3697 2014 3759 ἵνα
2045 3693 2395 3777 ξυνάγωμεν
2416 3689 2664 3777 ''quu'’
2691 3724 2772 3782 30

356 3794 466 3883 (Il.
503 3815 560 3861 2.
595 3795 772 3885 381),
802 3797 909 3861 τὸν
939 3802 1283 3877 σωματικὸν
1326 3799 1485 3877 θεόν,
1516 3797 1596 3864 ὥς
1635 3796 1706 3862 τὸ
1750 3795 1983 3880 “Ἀρες
2021 3797 2202 3881 Ἀρες
2243 3796 2662 3892 βροτολοιγέ”

355 3899 520 3987 (31),
550 3900 621 3965 τὸ
649 3905 896 3983 τραῦμα,
927 3909 966 3938 “
985 3902 1131 3966 ἔνθα
1174 3900 1360 3984 γίνετ’
1388 3899 1577 3983 Ἀρης
1622 3900 1939 3985 ἀλεγεινὸς
1982 3902 2273 3983 ὀιζυροῖσι
2317 3906 2600 3985 βροτοῖσι
2626 3901 2664 3928 ”

355 4001 460 4088 (Il.
500 4023 598 4090 13.
630 4002 807 4091 569),
836 4004 943 4070 τὸν
973 4005 1240 4085 σίδηρον,
1274 4005 1354 4071 ὣς
1381 4004 1452 4069 τὸ
1484 4011 1520 4039 “
1542 4007 1794 4085 αἵματος
1824 4005 1973 4069 ἆσαι
1998 4004 2196 4086 Ἀρηα
2238 4005 2601 4088 ταλαύρινον
2623 4003 2659 4031 ”

356 4106 561 4196 (289),
590 4109 660 4173 τὸ
692 4111 893 4191 κυρίου
923 4110 1114 4190 ὄνομα
1149 4107 1425 4189 Ἀρητος,
1456 4108 1537 4176 ὦς
1576 4114 1647 4173 τὸ
1681 4107 1993 4192 ““Ἀρητον
2036 4109 2106 4175 δέ
2150 4107 2279 4175 κατ’
2308 4110 2446 4176 αὖθι
2474 4111 2663 4176 λίπον

355 4209 748 4296 δεδαϊγμένον
763 4211 796 4238 ”
823 4208 938 4300 (Il.
975 4226 1073 4294 17.
1105 4210 1265 4299 535)
2688 4239 2767 4300 35

442 4317 547 4401 36.
592 4311 848 4404 ἠιόεντι]
883 4317 966 4402 τῷ
998 4315 1312 4400 αἰγιαλοὺς
1343 4317 1443 4382 καὶ
1474 4317 1695 4402 ὄχθους
1726 4317 1936 4403 ἔχοντι

427 4432 550 4505 ·37.
597 4415 734 4508 ἕλε]
769 4421 1061 4502 ἐφόνευεν

441 4544 550 4604 44.
595 4519 865 4612 Τάρνης]
899 4527 1082 4591 πόλις
1110 4525 1350 4605 Λυδίας,
1379 4524 1417 4606 ἦ
1451 4530 1558 4594 νῦν
1586 4526 1842 4610 Σάρδεις
1873 4523 2210 4608 καλουμένη
2244 4522 2444 4588 AB:

424 4651 1304 4769 7.ἀπὸτουη11.διάκρισιν1)α11
1356 4651 2662 4783 174ιήτε.ιιή1)1125Διοραὶδους,οἰ.1)134.ὄν.

348 4715 502 4783 Ἄρης
513 4717 888 4784 ’ςΑρητοὺςτό
902 4718 1206 4786 ν’Δρητίικη
1259 4719 1393 4770 ὖτόθι
1581 4771 1588 4780 ,
