3298 5195
1127 332 1466 395 ιΛιΑΔοΣ
1512 332 1593 395 n.
1638 327 1821 416 (16)
2493 330 2625 392 543

408 504 555 589 613.
603 500 886 593 ἔπορνυε]
919 504 1152 586 ἔπεμπε
1179 523 1299 568 rec.

405 607 551 689 615.
598 605 985 696 πειρητίζων]
1018 609 1358 689 ἀπόπειραν
1384 604 1744 686 ποιούμενος

404 712 550 777 621.
596 708 1099 800 προσερεύγεται]
1129 713 1283 793 μετὰ
1310 710 1468 795 ἤχου
1496 708 1766 792 φέρεται,
1798 708 2224 796 πρό<σ>εισιν
2252 728 2374 773 ree.

405 815 552 899 639.
599 816 772 884 οὗτος
832 818 867 880 ὁ
920 816 1193 898 Κοπρεὺς
1244 812 1320 896 ἥν
1372 812 1562 897 κῆρυξ
1602 812 1960 896 Εὐρυσθέως
2010 819 2118 878 τοῦ
2160 816 2281 877 τῶν
2323 812 2622 896 Ἀργείων

227 912 234 919 ’
318 917 652 998 βασιλέως,
683 919 752 986 δς
794 918 902 986 τὰς
946 921 1109 1002 παρὰ
1155 917 1510 999 Εὐρυσθέως
1555 919 1811 984 ἐντολὰς
1841 918 2021 1001 ἔλεγε
2050 917 2134 1002 τᾷ
2169 913 2474 999 Ἡρακλεῖ
2499 920 2623 979 τῶν
2651 934 2691 995 5

317 1020 525 1121 ἄθλων
553 1022 728 1087 ἕνεκα
757 1021 875 1102 ἔξω
905 1024 1008 1101 τῆς
1044 1022 1285 1089 πόλεως
1325 1019 1598 1103 μένοντι·
1659 1022 1944 1089 δεδοικὼς
1983 1023 2102 1104 γὰρ
2146 1019 2330 1086 αὐτὸν
2374 1018 2479 1085 οὐκ
2526 1020 2623 1084 εἴα

321 1124 495 1191 ἔνδον
525 1127 832 1192 εἰσελθεῖν
858 1126 922 1190 Α
938 1155 1002 1184 =

408 1228 555 1307 640.
601 1225 925 1318 ἀγγελίης]
959 1228 1094 1310 ἤτοι
1122 1230 1388 1313 ἄγγελος

407 1331 554 1417 643.
600 1329 773 1420 νόον]
806 1332 957 1398 κατά
1217 1325 1541 1420 πρώτοισι]
1573 1337 1702 1399 τοῖς

406 1436 550 1518 654.
595 1437 691 1502 τοὶ
721 1434 821 1525 δέ]
852 1440 912 1502 01
943 1442 1149 1520 Τρῶες
1412 1432 1739 1525 ἐπέχυντο]
1773 1436 2203 1520 ἐπηνέχθησαν
2658 1457 2736 1500 ιο

406 1537 551 1603 668.
598 1539 785 1623 νέφος
819 1536 1078 1629 ἀχλύος]
1110 1541 1222 1620 τὴν
1249 1539 1437 1621 ἧτταν
1466 1540 1598 1606 νόει
1856 1533 2119 1627 Ἀθήνη]
2151 1538 2231 1606 ὣς
2260 1540 2600 1621 φωσφόρος

408 1644 555 1723 672.
599 1640 769 1731 ὅσοι]
803 1650 923 1709 τῶν
949 1642 1271 1723 Ἑλλήνων

408 1746 555 1826 685.
599 1742 789 1835 ἴκρια]
828 1746 886 1811 οῖ
919 1748 1032 1828 μὶν
1059 1745 1317 1829 “lapsa’'
1347 1746 1715 1831 γράφουσιν,
1746 1749 1784 1811 ὁ
1817 1749 1885 1812 δε
1919 1745 2193 1828 Ὅμηρος
2237 1742 2621 1828 προπαροξυ-

321 1850 510 1916 τόνως
542 1856 580 1887 “
601 1850 813 1932 ἴκρια”
2396 1899 2405 1909 -

409 1953 555 2037 691.
603 1948 809 2042 ἔθνος]
841 1957 1076 2034 πλῆθος
1340 1969 1486 2037 700.
1533 1950 1810 2044 ἔφασαν]
1840 1952 2282 2036 ὑπελάμβανον
2661 1974 2736 2041 ¹5

413 2054 556 2138 708.
602 2059 704 2122 τοί
727 2055 831 2146 γε]
866 2059 926 2122 02
948 2055 1259 2139 Ἕλληνες
1289 2060 1389 2124 καὶ
1419 2063 1479 2124 οἱ
1505 2063 1715 2142 Τρῦες

413 2175 560 2239 741.
604 2163 687 2248 τῷ
718 2164 786 2227 ἐν
813 2162 995 2246 χερσὶ
1023 2158 1221 2250 φόως]
1246 2161 1381 2242 ἤτοι
1412 2165 1480 2230 ἐν
1508 2164 1592 2250 τᾷ
1620 2163 1932 2247 μάχεσθαι
1962 2162 2064 2227 καὶ
2091 2159 2129 2240 ἦ
2163 2161 2434 2241 σωτηρία
2463 2157 2520 2222 Β
2539 2173 2593 2230 4

1440 2457 1521 2517 Π.

418 2609 473 2654 1.
533 2580 889 2677 ἑυσέλμοιο]
936 2590 1039 2669 τῆς
1086 2589 1547 2674 καλοκαθέδρου,
1592 2589 1714 2656 ἀπὸ
1757 2595 1866 2655 τοῦ
1908 2589 2112 2673 σέλμα
2155 2589 2227 2656 τδ
2271 2589 2528 2674 κάθημα,
2560 2588 2635 2670 ἐξ

324 2694 396 2758 οὗ
427 2693 526 2758 καὶ
557 2691 890 2776 σέλ<λ>ας
926 2695 1025 2757 καὶ
1054 2694 1408 2778 σε<λ>λίον
2663 2716 2743 2757 20

411 2816 469 2882 3.
518 2797 708 2878 θερμὰ
736 2794 920 2879 χέων]
955 2799 1147 2878 θερμὰ
1175 2795 1292 2881 γάρ
1320 2799 1482 2862 εἰσιν
1510 2795 1880 2881 ἑξερχόμενα
2220 2879 2229 2886 .

588 2900 795 2983 (παρὰ
837 2899 951 2984 τὸ)
1003 2898 1153 2982 θέρω
1197 2899 1268 2964 τὸ
1314 2902 1612 2981 θερμαίνω
1652 2898 1822 2981 θέρεν
1865 2924 1932 2964 τε
1976 2901 2076 2966 καὶ
2119 2900 2290 2983 τέρεν
2335 2903 2631 2985 γίγνεται,

324 3004 532 3083 ὥσπερ
562 3003 634 3068 τὸ
661 3001 1150 3086 τεθερμασμένον
1179 3003 1280 3068 καὶ
1310 3004 1500 3068 οἱονεὶ
1529 3000 1960 3087 διακεχυμένον

415 3106 517 3170 18.
561 3107 971 3191 ὑπερβασίης]
1004 3105 1401 3189 παραβασίας
1428 3105 1485 3170 Β
1502 3122 1559 3176 -Ι-

408 3225 516 3293 47.
560 3208 872 3300 λίτεσθαι]
899 3216 1277 3294 παρακαλεῖν
1466 3222 1568 3292 57.
1617 3206 2073 3299 κτεάτκσ>σα]
2107 3210 2458 3291 ἐκτησάμην
2484 3211 2617 3282 Α-Ι-
2664 3233 2739 3290 25

414 3315 517 3398 78.
565 3311 987 3403 περιάγνυται]
1020 3313 1577 3401 περιρ<ρ>ήγνυται
1842 3313 1942 3395 85.
1988 3309 2075 3403 οἵ]
2106 3315 2272 3380 οὗτοι
2301 3314 2441 3378 A:

419 3417 564 3481 108.
611 3414 965 3507 πελεμίξαι]
997 3424 1312 3484 διασεῖσαι
1579 3437 1723 3498 114.
1769 3417 1939 3502 δόρυ]

419 3523 561 3585 116.
608 3517 882 3610 ἀντικρύ]
916 3521 989 3603 ἐξ
1014 3523 1292 3590 ἐναντίας
1554 3516 1855 3610 ἀπάραξε]
1892 3520 2208 3604 ἀπέκοψεν

420 3638 562 3684 120.
609 3617 675 3708 ὅ]
710 3621 806 3684 ὅτι
1064 3619 1286 3710 μήδεα]
1320 3620 1713 3703 βουλεύματα

418 3743 560 3810 134
608 3723 1001 3808 ἀστερόεντα]
1030 3722 1069 3804 ἢ
1100 3728 1383 3806 λαμπρόν
2664 3754 2745 3811 30

420 3846 561 3913 143.
606 3821 921 3916 Πηλιάδα]
955 3828 1067 3910 τὴν
1095 3830 1164 3894 ἐκ
1194 3830 1436 3910 Πηλίου
1468 3829 1641 3911 ὅρους

422 3945 560 4013 152.
608 3928 720 4021 ἵει]
754 3932 929 4014 ἀφίει

422 4048 565 4118 159.
612 4033 898 4119 παρήιον]
928 4041 999 4100 τὸ
1029 4036 1436 4116 πληθυντικὸν
1465 4039 1529 4100 αἱ
1559 4039 1811 4119 παρειαί

423 4151 565 4218 172.
611 4133 819 4226 αὐτός]
854 4127 1275 4223 δ’Πάτροκλος
1542 4141 1684 4222 176.
1733 4135 2057 4229 ἀκάμαντι]
2089 4140 2173 4227 τᾷ
2201 4143 2462 4227 γενναίῳ

426 4237 565 4301 180.
612 4235 809 4321 χορῷ]
850 4238 919 4303 ἐν
946 4240 1030 4323 τῷ
1060 4240 1340 4323 χορεύειν
1603 4240 1748 4304 181.
1797 4235 2040 4329 κρατύς]
2072 4241 2107 4304 ὁ
2138 4240 2389 4324 ἰσχυρός
2663 4271 2741 4330 35

421 4359 564 4426 223.
609 4335 915 4427 χιτώνων]
948 4341 1080 4408 οἶον
1104 4343 1177 4406 τὸ
1205 4342 1582 4425 ὑποκάμισον

403 4516 479 4569 19.
500 4501 663 4564 σέλμα
687 4504 760 4554 A:
796 4500 959 4553 σίλλα
980 4503 1066 4553 Et.
1091 4504 1186 4563 M„
1211 4502 1343 4553 σέλαι
1378 4510 1401 4564 η
1441 4518 1616 4555 20-22.
1652 4505 1884 4570 nupplevi
1907 4519 1969 4554 ex
1990 4503 2076 4553 Et.
2099 4503 2176 4553 M.
2205 4508 2228 4565 ΙΙ
2257 4517 2333 4554 22.
2356 4519 2415 4552 τε
2436 4504 2635 4570 floripdz

329 4567 397 4686 826
427 4568 997 4697 Εὖίοῗώτεθερμασμένον
1029 4570 1114 4622 Et.
1148 4567 1256 4622 M.:
1300 4571 1631 4631 τεθραμμένον
1668 4576 1690 4630 ΙΙ
1736 4582 1817 4634 33.
1870 4566 2193 4632 πληθυντικὸν
2230 4585 2333 4619 non
2368 4575 2563 4621 eertum
2609 4574 2634 4630 ΙΙ

335 4650 364 4698 3
399 4672 411 4685 .
605 4649 761 4698 μνσον
