3298 5195
1115 331 1458 391 ιΛιΑΔοΣ
1505 331 1584 391 Ω.
1632 323 1659 412 (
1678 325 1809 411 24)
2491 325 2621 387 559

392 501 540 563 660.
587 497 665 587 ᾧ]
695 499 862 586 ᾤ’τινι
1122 498 1272 584 683.
1320 496 1512 581 ζῶμα]
1543 495 1623 564 ὡς
1654 499 2018 579 περίσκελος
2049 497 2177 562 νόει

392 601 539 667 688.
582 603 840 689 γενύων]
871 609 991 669 τῶν
1020 605 1328 687 σιαγόνων
1587 599 1737 686 689.
1784 600 2039 685 ὤρνυτο]
2068 603 2395 683 ἐφώρμησε

393 706 542 792 690.
587 706 1011 791 παπτήναντα]
1042 706 1478 791 προδεδειχότα

392 813 544 895 691.
586 810 878 896 ὑπήριπε]
910 809 1246 895 κατηνέχθη
1511 809 1661 891 692.
1708 807 1953 892 φρικός]
1982 812 2173 888 πνοῆς

395 917 542 1002 699.
592 916 789 1000 αὐτοί]
821 919 881 981 οἱ
911 917 1089 997 φίλοι
1118 916 1301 980 αὐτοῦ
1564 925 1708 995 705.
1757 912 1816 995 ἕ]
1848 911 2035 992 αὐτήν
2646 932 2682 993 5

398 1037 547 1103 712.
592 1021 673 1087 ὥς
701 1021 796 1105 δέ]
826 1019 1117 1104 παρέλκει
1147 1019 1215 1083 τὸ
1247 1022 1282 1054 “
1302 1017 1370 1083 δέ
1384 1016 1421 1042 ”
1688 1016 2075 1099 ἀμείβοντες]
2107 1017 2281 1081 δοκοί

397 1139 544 1206 724.
592 1124 861 1208 ἀνάειρε]
893 1123 1312 1205 ἀνακούφισον
1577 1121 1724 1204 726.
1772 1119 1961 1204 κόψε]
1993 1121 2282 1201 ἔκρουσεν
2310 1118 2443 1192 Α-Ι-

373 1241 543 1310 -727,
589 1227 953 1310 στήθεσσιν]
983 1232 1089 1291 τοῦ
1119 1227 1376 1293 Αἴαντος

400 1345 546 1413 744.
592 1331 901 1416 Φοίνικες]
931 1334 991 1396 οἱ
1023 1333 1122 1396 καὶ
1154 1332 1422 1396 Σιδόνιοι

599 1432 854 1523 πόντον]
887 1435 995 1515 τὴν
1021 1433 1298 1518 μεγάλην
1329 1433 1658 1501 θάλασσαν
2653 1453 2728 1494 ιο

401 1538 544 1621 748.
588 1541 658 1604 οὗ
689 1538 952 1622 ἑτάροιο]
982 1541 1131 1620 ὑπὲρ
1161 1543 1266 1603 τοῦ
1295 1540 1658 1620 Πατρόκλου

400 1657 547 1726 759.
593 1645 841 1728 ἔκφερε]
874 1642 1248 1726 προέδραμεν

400 1748 546 1830 761.
595 1746 851 1827 στήθεος
879 1746 1053 1831 ἄγχι]
1087 1748 1191 1811 ἐπί
1452 1745 1679 1830 κανῶν]
1710 1745 1979 1825 κάλαμος

401 1852 545 1934 765.
592 1853 655 1915 οἶ
684 1850 986 1933 κεφαλῆς]
1016 1855 1121 1914 τοῦ
1152 1852 1411 1916 Αἴαντος

403 1956 553 2038 767.
601 1950 845 2041 ἱεμένῳ]
879 1955 959 2039 τῷ
987 1953 1288 2018 Ὀδυσσεῖ
2656 1970 2726 2031 15

402 2074 547 2140 792.
594 2056 1057 2140 ἐριδδήσασθαι]
1090 2055 1476 2137 ἐξισωθῆναι,
1509 2058 1929 2138 ἀμιλληθῆναι

404 2161 546 2242 805.
583 2159 942 2242 ὀρεξάμενος
970 2160 1154 2245 χρόα]
1185 2158 1584 2243 ἐφαψάμενος
1613 2165 1719 2223 τοῦ
1748 2161 1983 2244 χρωτός

403 2266 548 2330 806.
599 2265 966 2350 <ἐνδίνων>]
997 2271 1116 2332 τῶν
1147 2269 1317 2332 ἐντὸς
1347 2270 1466 2330 τῶν
1496 2266 1707 2331 ὅπλων
1733 2270 1939 2345 μελῶν
1967 2263 2025 2326 Β
2044 2279 2097 2335 4

405 2368 548 2452 815.
587 2368 842 2452 πάντας]
872 2370 1008 2435 τούς

405 2473 549 2539 826.
595 2472 869 2555 διαφέρει
904 2476 1096 2540 σόλος
1132 2474 1230 2538 καὶ
1276 2473 1501 2540 δίσκος·
1560 2475 1594 2537 ὁ
1637 2474 1753 2551 μὲν
1795 2475 1913 2556 γᾶρ
1957 2473 2165 2539 δίσκος
2207 2472 2440 2539 πλατύς
2485 2473 2621 2537 ἐστι
2652 2494 2730 2536 20

317 2574 414 2642 καὶ
445 2575 820 2658 κυκλοτερής,
853 2578 887 2641 ὅ
922 2580 989 2643 δὲ
1021 2579 1211 2645 σόλος
1243 2577 1619 2662 στρογγύλος
1649 2576 1751 2643 καὶ
1782 2575 2175 2659 σφαιροειδής
2206 2576 2341 2649 A÷

403 2680 547 2764 832.
593 2680 680 2762 οἵ]
712 2685 816 2743 τοῦ
845 2681 1335 2759 ἀεθλευσαμένου

405 2783 551 2848 886.
619 2784 878 2868 (ἥμονες
944 2783 1230 2867 ἄνδρες>]
1291 2786 1645 2849 ἀκοντισταὶ
1707 2784 1939 2867 ἄνδρες.
2017 2783 2139 2850 ἀπὸ
2196 2790 2302 2849 τοῦ
2360 2787 2492 2868 ἴημι
2549 2787 2620 2851 τὸ

315 2887 527 2968 πέμπω
556 2888 690 2960 Α-Ι-

1427 3149 1508 3210 Ω.

448 3283 506 3350 6.
554 3282 913 3367 ἀνδροτῆτα]
944 3284 1054 3364 τὴν
1084 3284 1363 3365 ἀνδρείαν
1629 3283 1688 3346 8.
1735 3282 1986 3367 πείρων]
2016 3288 2316 3366 διαπερόν

412 3405 437 3450 1
457 3407 511 3452 1.
557 3389 692 3451 τοτὲ
724 3387 818 3471 δέ]
848 3387 1076 3452 ἄλλοτε
1106 3386 1176 3452 δέ

412 3502 507 3570 15.
554 3490 844 3556 ἕλκεσθαι
874 3489 1244 3574 δησάσκετο]
1276 3491 1444 3555 εἷλκε
1476 3487 1668 3569 δήσας

407 3612 509 3676 30.
555 3594 981 3679 μαχλοσύνην]
1011 3600 1186 3679 χαλῶ
1223 3596 1418 3678 χαλός
1466 3595 1564 3659 καὶ
1610 3593 1976 3681 πλεονασμῷ
2023 3594 2127 3672 τῆς
2170 3597 2257 3675 ἴα
2299 3595 2624 3675 συλλαβῆς

320 3695 419 3763 καὶ
449 3701 723 3786 συγκοπῇ
752 3700 993 3782 μαχλός
1023 3700 1122 3764 καὶ
1151 3698 1221 3763 τὸ
1253 3703 1518 3777 θηλυκὸν
1545 3699 1757 3783 μαχλή
2652 3715 2731 3771 30

407 3821 512 3887 33.
560 3802 867 3887 σχέτλιοι]
899 3803 1243 3887 ἀγνώμονες
1505 3801 1870 3885 δηλήμονες]
1901 3803 2241 3883 βλαπτικοί

407 3917 511 3986 52.
557 3905 829 3989 ἄμεινον]
860 3906 1178 3988 ἐπωφελές
1440 3919 1545 3991 53.
1593 3904 2096 3989 νεμεσσηθῶμεν]
2115 3906 2497 3989 μεμψόμεθα

408 4009 512 4072 60.
563 4010 845 4093 ἀτίτηλα]
877 4009 1262 4091 ἐπεμελήθην

562 4114 628 4176 ἐκ
666 4118 770 4176 τοῦ
800 4114 1023 4182 ἀταλός
1053 4116 1290 4182 ἁπαλός
1317 4139 1409 4181 τις
1437 4113 1540 4178 ὧν·
1587 4113 1716 4197 [καὶ
1717 4114 1746 4201 J
1772 4112 1841 4178 τὸ
1868 4116 1984 4195 μὲν
2012 4115 2252 4182 ἁπαλός
2280 4114 2623 4193 δασύνεται,

320 4212 391 4277 τὸ
421 4218 486 4280 δὲ
518 4214 740 4281 ἀταλός
768 4220 1063 4296 ψιλοῦται
2652 4232 2730 4295 35

410 4321 513 4402 63.
560 4316 899 4401 φόρμιγγα]
928 4317 1326 4403 ἐννεάχορδον
1589 4318 1793 4403 ἔταρε]
1824 4324 1976 4403 φίλε

412 4437 514 4504 74.
561 4421 700 4486 ἀλλ’
734 4421 818 4506 εί]
848 4421 987 4486 ἀλλ’
1021 4424 1147 4488 εἴθε
1180 4422 1312 4485 B=
1587 4422 1690 4506 76.
1735 4422 1931 4512 λάχῃ]
1972 4424 2125 4511 τύχῃ

324 4565 795 4697 θὲᾋενμιψὲώὲίμεθα
832 4568 931 4619 W:
965 4564 1278 4628 μεμψόμεθα
1318 4570 1340 4628 ΙΙ
1385 4566 1463 4630 36.
1496 4564 1819 4632 Μεάχορδον
1855 4568 2050 4633 scripsi,
2090 4563 2319 4617 ἐπαείδων
2357 4567 2483 4617 coni.
2518 4568 2623 4621 W:

3238 536 3261 885 -a--.gss-...bssj42
3254 496 3257 509 Α.
3256 400 3257 405 Α
3250 316 3258 371 *-
