3298 5195
1145 364 1485 426 ιΛιΑΔοΣ
1535 360 1606 426 Ξ.
1651 357 1829 448 (14)
2508 358 2638 420 539

429 545 571 613 172.
614 529 837 619 ἑδανῷ]
871 533 1144 619 συστολῇ
1175 536 1281 596 τοῦ
1307 541 1347 610 ἤ
1382 533 1469 599 εἷς
1497 541 1529 597 ἓ
1551 529 1687 600 Α-ῢ·

429 636 569 716 176.
617 632 952 724 πεξαμένη]
990 637 1327 702 κτενίσασα

429 757 456 801 1
469 740 571 802 80.
620 737 890 829 ἐνετῇσι]
924 740 1045 806 ἆπδ
1075 745 1180 804 τοῦ
1210 740 1481 806 ἐνίεσθαι
1510 743 1638 806 τοῖς
1672 739 1930 819 ἱματίοις
2624 696 2668 743 ·

427 841 570 906 181.
615 841 930 933 θυσάνοις]
964 848 1252 927 κροσσοΐς

431 947 572 1011 182.
618 944 871 1036 ἕρματα]
905 949 1122 1014 ἐνώτια
1150 945 1289 1009 A=
1560 940 1735 1034 ἧκεν]
1771 943 2013 1024 ἐνέηκεν
2668 961 2716 1026 5⁴

623 1047 911 1140 λοβοῖσι]
944 1056 1071 1119 τοῖς
1099 1053 1363 1117 ἁπαλοῖς
1395 1053 1516 1113 τῶν
1544 1048 1742 1115 ὠτίων

431 1153 568 1237 185.
616 1151 912 1244 νηγατέῳ]
947 1155 1167 1220 νεωστὶ
1194 1151 1498 1239 γενομένῳ
1778 1163 1918 1237 195.
1964 1146 2146 1240 αὔδα]
2179 1150 2330 1236 λέγε

430 1259 570 1343 196.
607 1261 662 1324 εῖ
693 1260 947 1341 δύναμαι
981 1257 1211 1325 τελέειν
1240 1256 1340 1323 καὶ
1379 1258 1433 1324 εἰ
1478 1255 1911 1337 τετελεσμένον
1939 1252 2140 1345 ἐστίν]
2172 1261 2348 1321 τοῦτο
2380 1256 2638 1338 ὕστερον

337 1364 629 1445 πρότερον
660 1364 758 1428 καὶ
786 1364 1212 1446 πρωθύστερον

426 1484 572 1533 202.
618 1466 686 1531 ἐὺ
714 1462 969 1553 τρέφον]
999 1462 1132 1549 μετ’
1163 1463 1512 1547 ἐπιμελείας
1540 1465 1770 1547 ἀνῆγον
2674 1488 2749 1529 ιο

425 1587 571 1653 203.
611 1567 842 1658 Ῥείης]
876 1573 1014 1652 περὶ
1042 1572 1149 1648 τῆς

429 1691 573 1753 204.
618 1674 753 1741 ἀντὶ
797 1679 904 1738 τοῦ
946 1672 1339 1754 κατέπεμψεν
1379 1672 1634 1754 ἀφῆκεν.
1697 1674 1764 1736 ἐκ
1809 1676 1916 1736 τοῦ
1960 1672 2092 1751 ἴημι
2131 1671 2202 1737 τὸ
2235 1669 2451 1752 πέμπω
2484 1673 2632 1736 εἴσω

338 1778 480 1844 etna
524 1779 697 1846 εἶσας
752 1778 885 1844 εἷσε
943 1778 1041 1842 καὶ
1082 1780 1237 1858 μετὰ
1279 1780 1387 1841 τοῦ
1432 1774 1585 1840 κατά
1642 1779 1999 1858 προθετικοῢ
2044 1783 2084 1813 “
2105 1773 2406 1853 καθεῖσε,”
2453 1779 2560 1839 τοῦ
2605 1778 2642 1836 ῖ·

337 1881 424 1947 είς
446 1867 491 1945 θ
522 1880 900 1963 τρεπομένου,
933 1880 1027 1944 ὅτι
1056 1879 1125 1945 τὸ
1154 1881 1287 1962 ἴημι
1315 1883 1385 1942 τδ
1414 1876 1632 1959 πέμπω
1663 1877 1988 1943 δασυντέον

428 1984 572 2049 216.
618 1980 929 2072 ὀαριστύς]
966 1983 1176 2064 ὁμιλία
2674 2001 2749 2062 15

426 2101 572 2168 217.
619 2083 962 2175 πάρφασις]
995 2085 1478 2170 παραλογιστική
1744 2102 1890 2152 221.
1935 2086 1973 2149 ὅ
2001 2080 2087 2174 τι]
2121 2085 2179 2151 εἴ
2204 2110 2263 2151 τι

428 2207 573 2275 229.
621 2188 695 2269 ἐξ
715 2186 947 2276 Ἀθόω]
983 2192 1154 2272 ὄρους
1187 2187 1433 2275 Θρᾴκης
1461 2188 1598 2258 Α-Ι-

427 2311 572 2374 240.
615 2278 992 2381 ὑπὸ-ἥσει]
1025 2292 1322 2374 ὑποθήσει

427 2411 572 2480 250.
619 2398 768 2464 Διὸς
796 2394 955 2486 υἱός]
988 2400 1023 2462 ὁ
1051 2397 1365 2480 Ἡρακλῆς

422 2502 736 2584 *Ηρακλῆς
802 2501 1304 2585 ἀνακομιζόμενος
1351 2501 1505 2583 μετὰ
1557 2501 1626 2566 τὸ
1677 2502 1981 2583 πορθῆσαι
2028 2502 2256 2584 Τροίαν
2307 2501 2631 2585 γενόμενός
2670 2525 2748 2567 20

338 2630 406 2672 τε
456 2609 606 2671 κατὰ
657 2605 727 2670 τὸ
776 2608 1030 2690 Αἰγαῖον
1075 2604 1345 2690 πέλαγος
1397 2604 1702 2686 βουλήσει
1746 2604 1947 2689 Ἥρας
1992 2608 2236 2689 σφόδρα
2294 2606 2637 2706 συνειῗέθη

336 2714 618 2794 χειμῶνι·
677 2710 1031 2789 κατασυρεὶς
1071 2709 1137 2773 δὲ
1182 2711 1269 2777 είς
1315 2713 1456 2774 Κῶν
1499 2710 1770 2789 ἐκωλύθη
1816 2712 2105 2791 ἐπιβῆναι
2139 2713 2247 2790 τῆς
2291 2708 2480 2791 νήσου
2521 2712 2641 2775 ὑπὸ

341 2813 693 2896 Εὐρυπύλου
742 2817 851 2876 τοῦ
906 2816 1296 2878 Ποσειδῶνος
1354 2813 1800 2893 βασιλεύοντος
1860 2814 2070 2893 αὖτῆς’
2134 2811 2515 2894 βιασάμενος
2573 2816 2641 2879 δὲ

339 2917 421 2984 ὥς
449 2917 683 3004 λῃστὴς
713 2917 936 2995 ἐπιβὰς
966 2916 1172 2980 ἀνεῖλε
1215 2916 1324 2979 τόν
1352 2940 1420 2980 τε
1465 2915 1822 2998 Εὐρύπυλον
1866 2917 1964 2980 καὶ
2007 2916 2145 2984 τοὺς
2191 2920 2408 2984 παῖδας
2438 2916 2635 2994 αὐτοῦ,

336 3021 533 3105 μιγεὶς
565 3024 632 3086 δὲ
668 3021 740 3107 τῇ
773 3020 1021 3103 θυγατρὶ
1056 3018 1237 3084 αὐτοῦ
1266 3019 1591 3106 Χαλκιόπῃ
1623 3024 1964 3085 Θεσσαλὸν
1994 3018 2321 3104 ἐγέννησεν
2342 3018 2479 3089 Αῆ-
2672 3045 2746 3105 25

430 3138 575 3209 253.
621 3121 711 3214 οἳ]
746 3124 902 3209 αὐτῷ
1168 3134 1314 3206 255.
1358 3120 1494 3211 μίν]
1528 3129 1635 3190 τὸν
1663 3122 1981 3205 Ἡρακλέα

430 3230 575 3311 256.
621 3228 656 3293 δ
686 3225 781 3317 δέ]
817 3230 851 3292 ὅ
881 3228 1033 3295 Ζεύς
1297 3228 1441 3292 261.
1485 3224 1692 3316 ἅζετο]
1733 3226 2083 3311 ἐνετρέπετο

429 3333 573 3398 281.
620 3329 733 3420 τό]
769 3331 931 3396 οὗτοι
1184 3326 1471 3419 Ἴμβρου]
1511 3335 1697 3412 νῆσος
1728 3329 1977 3415 Θρᾴκης

429 3435 573 3502 282.
617 3430 995 3522 πρήσσοντε]
1029 3436 1321 3500 κόπτοντε

431 3539 576 3618 284.
622 3533 885 3626 Λεκτόν]
919 3536 1286 3620 ἀκρωτήριον
1314 3540 1419 3617 τῆς
1444 3536 1625 3619 Ἴδης,
1666 3537 2040 3620 κεκλημένον
2076 3538 2196 3604 ἀπὸ
2238 3543 2344 3602 τοῦ
2381 3542 2450 3608 ἐν
2477 3541 2637 3628 αὐτᾷ
2668 3567 2747 3626 30

340 3646 771 3723 κατακλιθῆναι
802 3644 927 3706 Δία
956 3642 1055 3707 καὶ
1076 3639 1299 3724 Ἥραν.
1385 3640 1445 3725 γ’
1476 3644 1543 3707 δὲ
1572 3644 1648 3707 τᾶ
1679 3641 2016 3724 ἀκρωτήρια
2050 3644 2153 3720 τῆς
2192 3641 2375 3723 Ἴδης,
2408 3646 2643 3711 Λεκτόν

337 3747 648 3831 Γάργαρον
677 3744 968 3828 Φαλάκρη
999 3744 1107 3833 (cf.
1138 3746 1220 3811 ad
1252 3744 1331 3810 Il.
1365 3745 1424 3813 8.
1453 3744 1570 3834 48)
1598 3745 1662 3810 A
1683 3761 1739 3815 -Ι-

426 3853 572 3938 326.
621 3846 968 3939 Δήμητρος]
1007 3852 1114 3930 τῆς

425 3974 573 4040 333.
619 3952 738 4044 ἔοι]
771 3952 1092 4043 ὑπῘάρ]ξοι
1355 3973 1501 4042 344.
1548 3951 1886 4043 διαδράκοι]
1921 3955 2327 4022 κατοπτεύσαι

427 4071 572 4141 347.
619 4058 916 4139 νεοθηλέα
945 4060 1153 4147 ποίην]
1182 4063 1435 4145 χλωρᾶν
1461 4058 1737 4141 βοτάνην
2669 4086 2747 4148 35

426 4160 572 4246 348.
618 4160 846 4251 λωτόν]
880 4163 1038 4231 εἶδος
1065 4166 1289 4249 χόρτου
1316 4165 1380 4227 Α
1397 4180 1452 4236 4·

425 4286 574 4352 349.
622 4263 875 4354 πυκνόν]
909 4268 1069 4332 ὥστε
1097 4272 1353 4348 ποιῆσαι
1384 4273 1633 4352 στρῶμα

626 4366 933 4457 μαλακόν]
965 4367 1387 4453 ἆναπαύσιμον
1648 4369 1850 4462 ἔεργε]
1882 4372 2094 4440 αὐτους
2123 4374 2370 4457 ἆνειχεν

404 4539 516 4588 4.κ
485 4521 929 4587 κροσσᾶςΒ·-αΐς
963 4527 1131 4607 117.α
1099 4521 1444 4587 α.τ-681113
1524 4526 1784 4591 ram-ipsi:
1979 4532 2179 4587 ν.1122
2202 4523 2486 4586 κατασνρεὶς
2507 4523 2641 4583 AB’,

338 4588 649 4652 κατασυρθεςὶ
671 4591 748 4640 D.
782 4587 1073 4653 κατὰσύρης
1129 4594 1151 4649 ΙΙ
1211 4604 1357 4656 24.κ
1325 4588 1731 4642 calunniam
1798 4524 1918 4642 Ιέιιε
1890 4544 2108 4642 WAB'D
2164 4595 2187 4653 n
2247 4604 2324 4657 29.
2358 4591 2641 4655 explicatur

339 4654 619 4719 πλήσσοντε
678 4660 698 4716 ΙΙ
756 4669 835 4720 34.
867 4672 962 4705 κατ
929 4653 1192 4706 rosv-eboni
1242 4661 1264 4720 1
1319 4657 1396 4721 38.
1430 4656 1628 4720 ἀνεῖχεν
1651 4658 1729 4709 D.
1826 4656 1960 4706 εἶλεν
