3298 5195
643 326 775 388 514
1472 331 1816 403 ιΛιΑΔοΣ
1864 332 1935 392 Ε.
1980 326 2114 415 (5)

729 497 880 562 666.
913 494 1197 588 ἐπιβαίη]
1231 498 1615 588 περιπατήσῃ
1862 502 2009 581 672.
2040 498 2192 566 Διὸς
2219 494 2383 587 υἱόν]
2416 497 2523 565 τὸν
2552 498 2930 581 Σαρπηδόνα

730 599 879 681 676.
927 601 1010 685 τῷ
1039 600 1145 685 ῥα]
1176 607 1271 667 διδ
1301 601 1374 682 δή
1405 623 1525 667 roo.
2650 598 2657 603 ’

732 704 879 788 683.
925 701 1298 794 όλοφυδνόν]
1331 707 1574 789 οἰκτρόν
1601 727 1724 771 roc.
1758 712 1880 780 Β-Ι-
2724 748 2731 759 -

731 807 879 891 698.
931 805 1400 898 <κεκαφηότα>]
1450 810 1638 877 κάπος
1681 810 1753 876 τὸ
1796 814 2048 890 πνεῦμα·
2104 813 2280 876 ἐνθεν
2325 810 2426 875 καὶ
2472 813 2663 891 κῆπος
2707 812 2742 875 ὁ
2779 836 2959 895 περι·

577 924 616 985 5
644 914 974 992 πνεόμενος
1002 912 1305 979 πάντοθεν
1338 914 1609 999 (τόπος)
1647 921 1695 978 Α
1716 928 1774 984 -1-
2722 952 2731 961 ·

730 1029 876 1097 701.
930 1013 1181 1105 <αῑέν>]
1215 1021 1317 1083 διὸ
1345 1017 1570 1086 παντὸς
1600 1016 1701 1082 καὶ
1730 1019 1862 1083 οῖον
1893 1021 2017 1082 κατ’
2048 1018 2264 1099 ὀλίγον
2292 1037 2414 1082 roo.

732 1119 876 1201 708.
911 1117 1107 1208 ’Ύλῃ]
1145 1121 1325 1188 πόλις
1353 1125 1460 1201 τῆς
1490 1124 1779 1189 Βοιωτίας
1811 1126 1941 1193 Α-Ι·

732 1238 876 1307 709.
925 1219 1304 1312 κεκλιμένος]
1337 1225 1771 1307 παρακείμενος
1801 1228 1924 1294 Β-Ι-

731 1339 878 1409 715.
928 1323 1297 1416 ὑπέστημεν]
1330 1327 1760 1413 ὑπεσχέθημεν

541 1445 618 1487 10
732 1444 872 1512 722.
920 1426 1230 1519 καμπύλα]
1263 1431 1402 1498 τοὺς
1431 1430 1755 1511 εὐκαμπεῖς
2013 1426 2234 1517 κύκλα]
2269 1432 2527 1516 τροχούς
2558 1437 2689 1495 A=

731 1548 875 1617 723.
927 1529 1388 1622 <όκτάκνημα>]
1437 1535 1815 1617 ὀκτῶραβδα,
1846 1534 1999 1597 όκτὸ
2047 1532 2274 1615 κνήμας
2319 1534 2562 1618 ἔχοντα.
2628 1535 2681 1619 ῤ.
2724 1537 2957 1616 κνῆμαι

641 1635 710 1702 δέ
746 1639 907 1703 εἰσιν
946 1639 1010 1701 αἱ
1057 1641 1205 1702 κατὰ
1238 1645 1360 1705 τῶν
1393 1645 1632 1723 τροχῶν
1670 1637 1892 1721 ῥάβδοι
1937 1636 2393 1721 ἐμπεπηγμέναι
2436 1644 2588 1719 πρὸς
2631 1641 2965 1725 rii-Xoana

643 1741 858 1825 κ<ίδ>ι
882 1745 1063 1804 AB:

924 1847 1001 1907 τὰ
1045 1842 1246 1909 ἐπάνω
1292 1851 1413 1910 τῶν
1457 1850 1692 1928 τροχῶν
1730 1848 1969 1926 σιδηρᾶ,
1999 1845 2040 1909 ἀ
2085 1846 2186 1909 καὶ
2233 1847 2449 1912 κανθοί
2491 1849 2841 1921 καλοῦνται,
2886 1846 2952 1908 οἱ

541 1973 612 2032 15
642 1945 869 2026 ἔξωθεν
897 1952 1019 2012 τῶν
1046 1954 1286 2032 τροχῶν
1315 1954 1557 2031 σιδηροῖ
1583 1946 1621 2029 ἢ
1652 1951 1882 2033 χαλκοῖ
1910 1936 2129 2012 κύκλοι
2149 1946 2288 2012 add.
2323 1968 2445 2013 rec.

930 2049 1095 2130 ἄξων
1144 2048 1279 2116 ἐστὶ
1330 2051 1399 2116 τὸ
1452 2055 1537 2119 εἷς
1587 2052 1695 2119 τὰς
1742 2052 2079 2135 χοινικίδας
2133 2051 2603 2133 ἐμβαλλόμενον
2663 2049 2954 2132 ἑκατέρου

640 2158 864 2237 τροχοῦ
895 2159 1079 2218 ΑΒ.-..
2592 2144 2597 2149 ’

730 2259 876 2339 726.
920 2255 1225 2348 πλῆμναι]
1259 2261 1323 2323 αἶ
1354 2262 1683 2343 χοινικίδες
1706 2263 1834 2332 A÷

711 2426 723 2436 ,
924 2367 1274 2444 περίδρομοι
1305 2358 1766 2450 ἀμφοτέρωθεν]
1803 2363 2193 2446 στρογγύλοι,
2225 2368 2576 2445 περιφερεῖς

537 2493 614 2535 20
731 2480 874 2548 729.
918 2465 1102 2549 ῥυμὸς
1134 2463 1322 2544 ξύλον
1348 2466 1544 2544 μέσον
1573 2465 1685 2533 ἕως
1715 2470 1822 2529 τοῦ
1855 2449 2050 2549 ζυγοΰζ
2084 2465 2118 2530 ὃ
2150 2466 2318 2531 ἕλκει
2347 2472 2454 2531 τὸν
2483 2468 2718 2547 δίφρον·
2769 2466 2952 2548 ζυγὸς

639 2569 709 2634 τὸ
739 2570 1119 2651 ἐπικείμενον
1147 2574 1275 2637 τοῖς
1305 2570 1516 2637 νώτοις
1545 2574 1667 2635 τῶν
1696 2570 1919 2635 ἵππων·
1968 2573 2184 2651 κνῆμαι
2231 2571 2295 2635 αἱ
2326 2568 2561 2654 ῥάβδοι
2591 2570 2656 2634 αἱ
2687 2569 2810 2634 ἀπὸ
2837 2572 2953 2649 τῆς

639 2673 967 2756 χοινικίδος
994 2671 1175 2757 μέχρι
1204 2677 1311 2736 τοῦ
1340 2679 1582 2757 τροχοῦ·
1642 2672 1863 2757 τροχὸς
1906 2671 1975 2738 δέ
2021 2677 2194 2739 ἐστιν
2222 2674 2260 2754 ἡ
2293 2675 2466 2754 ἁψίς,
2494 2671 2534 2752 ἡ
2566 2672 2814 2756 λέγεται
2846 2676 2949 2738 καὶ

639 2776 781 2854 ίτύς,
810 2773 849 2863 ᾗ
881 2779 945 2841 αἰ
978 2779 1194 2857 κνῆμαι
1223 2780 1329 2856 τῆς
1358 2777 1690 2861 χοινικίδος
1722 2775 2157 2859 ἐμπήγνυνται·
2204 2780 2477 2857 πλῆμναι
2509 2779 2573 2842 αἱ
2596 2777 2949 2860 χοινικίδες,

640 2882 707 2945 ἐν
736 2881 833 2948 αῖς
861 2878 1187 2962 στρέφεται
1218 2882 1252 2945 ὀ
1283 2879 1462 2960 ἄξων·
1507 2879 1671 2960 ἄξων
1706 2880 1778 2944 τὸ
1813 2877 2001 2959 ξύλον
2035 2880 2103 2944 τὸ
2145 2880 2266 2944 ἀπὸ
2304 2885 2527 2964 τροχοῦ
2573 2881 2660 2946 εἰς
2704 2877 2947 2963 τροχόν,

537 3003 614 3066 25
641 2985 972 3068 δεχόμενον
1001 2984 1106 3051 τὰς
1136 2984 1411 3065 περόνας·
1442 2984 1695 3066 ἄντυγες
1716 2986 1793 3046 τᾶ
1825 2985 1926 3048 ἐπὶ
1955 2988 2061 3047 τοῦ
2091 2984 2313 3066 δίφρου
2341 2982 2685 3063 ἡμικύκλια·
2718 2982 2948 3063 ἀστρά-

637 3095 725 3168 βη
745 3089 816 3153 τὸ
838 3086 1024 3168 ξύλον
1050 3087 1121 3151 τὸ
1149 3088 1349 3169 ὀρθόν,
1371 3086 1405 3151 ὃ
1430 3091 1635 3170 κρατεῖ
1664 3088 1698 3150 ὁ
1725 3086 1978 3169 ἡνίοχος
2008 3086 2157 3167 πρὸς
2186 3086 2258 3151 τὸ
2284 3086 2366 3167 μὴ
2398 3089 2713 3151 ἐκπίπτειν
2743 3086 2950 3162 αὐτοῦ,

637 3193 674 3255 ὅ
702 3217 862 3259 τινες
889 3190 1373 3272 βαρβαρίζοντες
1405 3195 1701 3255 καλοῦσιν
1729 3188 2047 3272 ἀστραπήν
2076 3210 2192 3256 ree.
2216 3189 2334 3252 AB
2352 3204 2406 3259 -ι-

728 3309 763 3377 7
770 3314 876 3381 34.
923 3291 1130 3383 ἑανόν]
1162 3296 1411 3370 λεπτόν,
1443 3295 1744 3376 τρυφερόν

727 3399 872 3485 738.
919 3393 1420 3486 θυσσανόεσσαν]
1455 3396 1755 3479 κροσσοὺς
1787 3397 2058 3481 ἔχουσαν
2089 3403 2402 3481 πανταχοῦ

533 3530 610 3587 30
725 3517 872 3589 739.
919 3498 1337 3590 ἐστεφάνωτο]
1371 3500 1926 3585 περιεκυκλοῦ<το>

727 3624 875 3690 741.
921 3600 1230 3693 πελώρου]
1263 3605 1511 3687 τέρατος
1778 3617 1924 3686 744.
1974 3601 2342 3693 πρυλέεσσι]
2376 3606 2580 3684 πεζοῖς
2611 3609 2663 3667 Α
2684 3619 2740 3677 -Ι-

726 3724 872 3793 747.
917 3704 1366 3797 ὀβριμοπάτρη]
1401 3710 1661 3792 ὄβριμον
1690 3710 1790 3774 καὶ
1821 3709 2077 3793 ἰσχυρὸν
2106 3708 2335 3791 πατέρα
2364 3709 2596 3791 ἔχουσα

726 3827 871 3896 750.
917 3809 1053 3901 τῇς]
1097 3814 1210 3890 αῖς,
1244 3817 1376 3879 ταῖς
1398 3811 1620 3895 Ὥραις
1883 3808 2342 3899 ἐπιτέτραπται]
2378 3814 2826 3895 ἐγκεχείρισται

725 3930 873 3999 751.
921 3910 1268 4002 ἀνακλῖναι]
1305 3915 1698 3999 ἀνακαλύψω
1961 3910 2291 4003 ἐπιθεῖναι]
2327 3920 2725 3980 κατακλεῖσαι

533 4042 608 4102 35
726 4019 872 4102 761.
919 4014 1184 4105 ἀνέντες]
1217 4007 1658 4086 ἀναπείσαντῖες

726 4123 872 4208 763.
919 4118 1355 4210 ἐξαποδίωμαι]
1390 4121 1708 4202 ἀποδιῶξω
1950 4137 2097 4204 777.
2144 4117 2447 4210 ἀνέτειλε]
2482 4121 2791 4204 ἀνέφυσεν
2819 4142 2947 4185 ree.

701 4333 748 4380 4.
782 4313 933 4365 navos·
963 4312 1025 4363 τδ
1054 4316 1258 4379 sen-ipsi:
1303 4311 1455 4376 κάφος
1497 4313 1558 4362 τὸ
1592 4315 1715 4374 ΔΙ),
1747 4312 1914 4362 κόπτω
1956 4318 1977 4375 ΙΙ
2017 4328 2062 4377 5.
2096 4315 2326 4379 supplevi
2360 4330 2424 4364 ex
2456 4315 2560 4364 AD
2609 4319 2630 4378 ΙΙ
2668 4318 2795 4389 pont
2828 4311 2947 4362 πάν·

633 4385 776 4431 τοθεν
805 4382 924 4431 add.
945 4396 1045 4430 reo.
1068 4379 1193 4444 παρὰ
1222 4378 1283 4427 τὸ
1312 4379 1480 4428 κάπτω
1507 4378 1567 4427 τὸ
1590 4377 1718 4427 πνέω
1771 4385 1792 4440 ΙΙ
1836 4393 1911 4429 10.
1944 4379 2176 4440 ἀκαμπεΐς
2212 4386 2232 4440 ΙΙ
2276 4394 2352 4440 12,
2380 4392 2456 4441 13.
2491 4378 2606 4442 πρὸς
2627 4396 2689 4441 τῃ
2713 4377 2943 4440 χοινικίδι

634 4449 719 4497 Et.
742 4448 850 4498 ΜΛ
884 4444 976 4511 πρὸ
1007 4446 1094 4507 τῆς
1126 4443 1339 4508 χοίνικος
1372 4449 1394 4504 ΙΙ
1433 4458 1511 4508 15.
1548 4460 1596 4493 σ.
1631 4444 1678 4493 οἱ
1713 4461 1765 4506 χ.
1804 4450 1824 4506 ΙΙ
1866 4446 1940 4495 18.
1974 4444 2230 4507 χοινικίδες
2250 4446 2332 4495 A:
2369 4443 2594 4508 χοινικίσι
2639 4449 2661 4504 u
2705 4457 2782 4495 20.
2817 4450 2946 4495 ante

634 4511 783 4577 ῥυμὸς
822 4526 886 4573 3ο
920 4512 1025 4562 fere
1061 4511 1266 4560 litterae
1301 4517 1356 4560 et
1389 4515 1503 4574 poet
1540 4522 1566 4572 5
1605 4510 1852 4560 evanida
1891 4517 1911 4570 ΙΙ
1955 4524 2031 4574 ²4·
2067 4510 2329 4574 στρέφεται
2366 4511 2447 4560 D:
2483 4508 2760 4572 εἰσδέχεται
2798 4513 2820 4569 ΙΙ
2861 4523 2944 4574 29.

633 4576 872 4640 κροσσοὺς
903 4577 981 4626 D:
1014 4574 1176 4623 κυσσὰ
1210 4581 1232 4634 ΙΙ
1267 4575 1521 4637 πανταχοῦ
1551 4575 1628 4624 D:
1667 4574 1859 4622 πάντων
1897 4580 1917 4635 ΙΙ
1958 4590 2035 4638 30.
2071 4574 2446 4640 ἆστεφανόωντο
2479 4581 2651 4625 textu·
2687 4579 2709 4634 ΙΙ
2748 4588 2827 4639 34.
2859 4573 2946 4625 καὶ

633 4642 826 4691 κλεῖσαι
862 4645 882 4699 ΙΙ
922 4640 999 4702 36.
1033 4639 1170 4688 ἀποδ.
1197 4640 1273 4690 D:
1311 4640 1442 4688 ὑποδ.
1480 4644 1501 4699 ΙΙ
1538 4637 1809 4704 ἀνεφίιησεν
1833 4646 1891 4689 ut
1915 4641 1965 4689 D
