3298 5195
664 354 793 420 556
1479 360 1821 422 ιΛιΑΔοΣ
1868 358 1942 421 x.
1989 352 2163 443 (22)

753 528 898 594 282.
942 524 1186 618 μένεος]
1221 534 1293 593 τὸ
1325 538 1393 596 ὅς
1421 531 1668 610 μακρόν·
1716 533 2110 610 καταπεραιοῖ
2136 530 2253 611 γὰρ
2276 530 2362 596 εἰς
2389 528 2568 610 μέρος
2595 526 2795 612 λόγου

753 632 895 712 285.
940 632 1183 715 ἄλευαι]
1216 631 1692 715 παραφυλάττου
1955 649 2103 716 301.
2151 631 2332 714 ἀλέη]
2364 631 2649 713 ἀποφυγή

751 754 897 820 322.
943 737 1077 820 τοῦ]
1108 741 1214 800 τοῦ
1234 736 1528 818 Ἕκτορος
1659 736 1820 798 ἄλλο
1850 735 2065 817 τόσον]
2096 734 2230 814 ἤτοι
2258 736 2330 799 τὸ
2357 735 2580 800 λοιπὸν
2612 741 2793 815 σῶμα

750 851 897 924 325.
943 839 1303 924 λαυκανίην]
1339 840 1494 925 (τὸ)
1526 838 1678 903 κατὰ
1708 838 1815 904 τὸν
1842 841 2086 917 λαιμόν,
2120 839 2241 903 ἀπὸ
2272 842 2379 903 τοῦ
2408 840 2697 903 ἀπολαύω

597 961 633 1021 5
749 942 899 1028 328.
946 939 1341 1030 ἀσφάραγον]
1397 944 1548 1007 ὅλον
1598 942 1705 1006 τὸν
1757 941 2059 1025 φάρυγγα·
2108 942 2388 1021 ὠνόμασε
2442 945 2509 1007 δὲ
2568 942 2752 1006 αὐτὸν
2796 945 2986 1019 οὕτω,

657 1046 1020 1128 μιμούμενος
1048 1048 1154 1112 τὸν
1184 1046 1339 1130 ἦχον
1367 1046 1474 1112 τὸν
1502 1048 1825 1129 γινόμενον
1855 1048 1922 1112 έν
1954 1046 2110 1131 αὐτῷ
2143 1050 2293 1110 κατὰ
2321 1047 2433 1127 τὴν
2462 1044 2675 1128 φωνήν
2701 1046 2847 1108 Α-
2907 1085 2917 1093 -

938 1147 1151 1238 μελίη]
1184 1150 1223 1229 ἡ
1486 1168 1635 1235 329.
1681 1149 1814 1232 μίν]
1846 1149 2028 1213 αὐτόν

745 1271 893 1341 332·
939 1249 1073 1341 ἐμέ]
1109 1256 1254 1333 ἐμοῦ
1518 1271 1665 1338 333·
1714 1252 2058 1335 ἀοσσητήρ]
2091 1252 2293 1335 σωτήρ

745 1356 893 1442 336.
940 1355 1302 1440 ἑλκήσουσι]
1333 1358 1469 1422 ἔστι
1500 1358 1661 1421 ἕλκω
1692 1354 1936 1436 ἑλκήσω
2112 1373 2260 1441 337.
2304 1352 2444 1445 τόν]
2474 1357 2581 1422 τὸν
2606 1355 2986 1438 Πάτροκλον

559 1483 631 1525 ιο
745 1460 891 1546 346.
937 1461 1147 1544 αὐτόν]
1180 1460 1286 1541 ἐμέ
1549 1456 1755 1546 ἀνείη]
1789 1460 2181 1525 ἀναπείσειεν
2209 1460 2349 1522 A:

744 1577 891 1650 347.
938 1564 1076 1649 ὤμ’]
1107 1565 1240 1645 ἤτοι
1270 1564 1403 1646 ὠμά
1664 1562 1815 1649 348.
1862 1563 1969 1647 ὥς]
2002 1566 2188 1631 οὕτως
2218 1563 2351 1634 A÷

745 1688 893 1755 349.
941 1670 1158 1754 νήριτ’]
1190 1673 1400 1735 πολλὰ
1431 1669 1763 1751 ἀσύγκριτα

744 1773 891 1857 356.
937 1769 1415 1860 προτιόσσομαι]
1451 1776 1691 1854 προορῶ
1726 1769 1853 1840 Β-ι-

744 1890 891 1962 373.
936 1876 1406 1960 ἆμφιφάασθαι]
1436 1877 1860 1958 ψηλαφᾶσθαι
1890 1894 2008 1937 ree.

555 2002 629 2062 15
744 1993 891 2065 379.
944 1977 1276 2064 <ἑπειδή>]
1320 1981 1548 2059 ἴαμβον
1591 1975 1732 2042 α’ντὶ
1785 1980 2121 2042 σπουδαίου
2180 1976 2429 2056 ἐδέξατο
2484 1981 2518 2042 6
2577 1977 2856 2058 ποιητής·
2908 1986 2985 2044 τὸ

654 2085 771 2165 γὰρ
801 2090 838 2119 “
860 2084 999 2148 ἐπεί
1016 2082 1052 2108 ”
1086 2086 1313 2165 ἴαμβος

740 2187 891 2264 406.
937 2183 1231 2275 λιπαρήν]
1265 2187 1572 2251 πλουσίαν
1832 2206 1984 2271 431.
2030 2181 2309 2272 βείομαι]
2340 2186 2652 2265 βιώσομαι

741 2307 892 2375 432.
939 2286 1002 2378 ὅ]
1037 2292 1208 2356 ὅστις
1468 2308 1621 2370 441.
1671 2286 1966 2378 δίπλακα]
2000 2296 2069 2353 τὸ
2100 2289 2432 2371 λεγόμενον
2461 2290 2707 2368 δίμοτον

741 2391 890 2472 468.
935 2390 1074 2481 χέε]
1110 2395 1326 2477 ἔρριψε
1587 2388 1890 2479 δέσματα]
1925 2393 2001 2456 τὰ
2031 2391 2227 2471 δεσμά

554 2527 630 2567 20
946 2493 1344 2584 σιγαλόεντα]
1377 2500 1453 2560 τὰ
1483 2497 1735 2560 ποικίλα
1995 2512 2144 2576 472.
2192 2495 2369 2578 πόρε]
2400 2497 2434 2558 6
2456 2493 2693 2577 Ἕκτωρ

740 2614 890 2684 473.
943 2596 1267 2690 εἶνατέρες]
1303 2603 1365 2664 αἱ
1395 2606 1516 2667 τῶν
1552 2601 1842 2682 ἀδελφῶν
1869 2606 2148 2684 γυναῖκες
2177 2599 2385 2662 A=B
2406 2615 2460 2669 ÷

740 2705 891 2785 476.
936 2701 1292 2793 ἀμβλήδην]
1326 2704 1798 2784 ἀναβάλλεσθαι
1827 2710 1897 2768 τὸ
1928 2704 2420 2786 προοιμιάζεσθαι

739 2808 891 2892 489.
937 2804 1450 2896 ἀπουρίσσουσιν]
1485 2807 1938 2889 ἀφαιρήσουσιν
1971 2807 2028 2870 Β
2048 2823 2101 2877 4-

739 2927 887 2996 502.
932 2909 1344 3000 νηπιαχεύων]
1380 2914 1806 2992 νηπιευόμενος

552 3048 581 3087 2
592 3045 626 3104 5
742 3030 890 3099 507.
936 3012 1092 3103 οἶος]
1123 3015 1308 3096 μόνος
1340 3017 1373 3079 6
1395 3014 1633 3096 Ἕκτωρ
1897 3011 2107 3101 ἔρυσο]
2143 3014 2366 3100 ἔσῳζες

1766 3320 1839 3384 Ψ.

745 3465 848 3532 29.
893 3443 1119 3536 τάφον]
1153 3445 1474 3529 ἐπιτάφιον
1503 3452 1752 3513 δεῖπνον
1783 3445 1916 3515 Α-Ι-

741 3571 845 3639 30.
892 3548 1205 3639 ὀρέχθεον]
1239 3554 1417 3616 ποιόν
1446 3577 1580 3615 τινα
1611 3550 1766 3635 ἦχον
1795 3550 2131 3614 ἀπετέλουν

740 3672 845 3742 37.
891 3656 1228 3741 χωόμενον]
1263 3655 1394 3734 ἤτοι
1433 3654 1885 3739 συγκεχυμένον
1912 3653 2120 3716 Α--Β
2140 3668 2193 3722 4-

550 3777 628 3837 30
740 3759 846 3838 46,
881 3776 938 3840 7.
991 3761 1166 3843 (ἐπεὶ
1196 3760 1266 3823 οὔ
1294 3759 1353 3840 μ’
1389 3760 1478 3823 ἔτι
1509 3759 1785 3841 δεύτερον
1825 3761 1941 3823 ὧδε
1972 3756 2115 3837 ἵξετ’
2151 3757 2305 3840 ἄχος
2337 3756 2659 3841 κραδίην>]
2692 3759 2826 3823 ἐπεὶ
2857 3759 2971 3825 οὐκ

654 3865 731 3930 ἄν
759 3889 863 3944 μοι
892 3864 1051 3927 ἄλλο
1079 3890 1152 3946 γε
1183 3867 1452 3928 τοιοῦτον
1485 3863 1872 3944 συμβήσεται
1903 3862 2089 3928 κακόν

741 3967 844 4031 68.
889 3969 1040 4048 ὑπὲρ
1073 3967 1373 4049 κεφαλῆς]
1404 3967 1551 4030 ἔνθα
1581 3973 1649 4030 τὸ
1680 3964 2036 4049 λογιστικόν

743 4082 845 4152 75.
891 4065 1299 4156 ὀλοφύρομαι]
1332 4071 1433 4134 ἵνα
1698 4067 1799 4132 81.
1847 4067 2208 4151 εὐηγενέων]
2240 4074 2359 4133 τῶν
2395 4068 2654 4151 εὐγενῶν

743 4174 848 4256 85.
893 4172 1253 4255 Ὀπόεντος]
1284 4177 1390 4251 τῆς
1655 4171 1756 4254 87.
1804 4170 2187 4255 κατέκτανον]
2222 4173 2341 4254 ἐγώ

549 4297 632 4356 35
743 4278 843 4342 88.
892 4272 1365 4364 ἀστραγάλοισι]
1399 4281 1524 4342 τοῖς
1557 4277 1787 4341 κόττοις

740 4400 843 4466 90.
889 4388 1004 4446 σὸν
1033 4379 1401 4463 θεράποντα]
1428 4379 1535 4443 τὸν
1564 4377 1924 4460 δραστήριον
1954 4379 2145 4460 φίλον
2220 4413 2231 4422 ·

721 4532 769 4584 6.
805 4530 878 4582 ἐπ’
911 4538 932 4594 ΙΙ
967 4531 1132 4595 φωνήν
1153 4533 1399 4582 incertum
1447 4538 1468 4592 ΙΙ
1513 4544 1588 4580 10.
1621 4530 1847 4581 ἀναπείσε
1825 4532 2148 4596 ‘ew-eripui:
2182 4530 2328 4582 ἀνέπε
2305 4547 2435 4582 εισεν
2482 4535 2503 4592 ΙΙ
2556 4534 2632 4583 28.
2666 4530 2845 4582 scholii
2880 4547 2959 4597 pr.

657 4598 725 4646 ad
757 4613 807 4646 v.
843 4611 908 4660 34
940 4598 1108 4646 verbis
1146 4596 1306 4645 παιδιὰ
1340 4597 1457 4645 ur
1477 4596 1591 4644 ςὲν
1623 4596 1812 4659 κοτύλῃ
1844 4596 2045 4659 λέγεται
2085 4599 2436 4662 superscripsit
2480 4614 2578 4648 seo.
2614 4595 2678 4646 τὰ
2709 4596 2961 4661 λεγόμενα

656 4658 767 4709 εἶτα
791 4661 892 4709 eelz
893 4660 955 4709 τά
998 4667 1018 4720 ΙΙ
1068 4674 1148 4722 35.
1182 4658 1385 4721 κοτζίοις
1425 4665 1481 4710 at
1504 4661 1566 4710 ot
1592 4660 1849 4724 Sophoclis
1871 4661 1970 4712 lex.
1997 4677 2329 4727 neogrsocum
2352 4677 2445 4714 ιν.
2468 4662 2642 4712 κόπος
