3298 5195
1177 353 1519 413 ῙΛιΑΔοΣ
1567 353 1632 413 Γ.
1680 346 1811 433 (3)
2517 344 2647 409 503

437 540 581 608 197.
626 516 1098 609 πηγεσιμάλλῳ]
1132 520 1413 604 εὐπαγεῖς
1443 518 1718 602 μαλλοὺς
1750 518 1955 603 ἔχοντι

437 641 584 708 205.
636 625 790 709 (ἤδη
842 621 1035 713 γάρ>]
1087 630 1204 707 πρὸ
1255 624 1372 708 γὰρ
1424 628 1530 688 τοῦ
1580 628 1947 704 στρατεῦσαι
1996 619 2136 689 τοὺς
2185 618 2500 701 Ἕλληνας
2561 621 2649 688 εἰς

343 731 574 811 Τροίαν
618 727 810 809 ἦλθον
853 727 1151 809 πρέσβεις
1192 728 1533 794 Ὀδυσσεὺς
1586 728 1686 792 καὶ
1735 724 2073 793 ΜενέλαοςἹ
2095 722 2492 792 ἀπαιτοῦντες
2537 724 2651 804 τὴν

344 830 625 913 Ἑλένην·
673 834 742 896 ἐν
786 830 832 917 ᾧ
884 837 1004 897 τῶν
1049 832 1261 897 ἄλλων
1317 829 1531 898 αὐτοὺς
1586 828 1722 911 μεθ’
1774 831 2010 912 ὕβρεως
2067 826 2411 909 διωξάντων
2464 829 2650 909 μόνος

345 922 653 1016 Ἀντήνωρ
684 933 901 1014 ξενίζει
933 935 1329 1018 φιλοφρόνως
2679 942 2717 1004 5

439 1049 584 1117 215.
628 1037 793 1120 γένει
815 1034 1098 1126 ὕστερος]
1139 1038 1249 1118 τὴν
1277 1037 1526 1117 ἡλικίαν
1553 1037 1841 1119 νεώτερος

439 1158 512 1206 21
529 1154 584 1222 7.
630 1137 925 1229 στάσκεν]
960 1144 1175 1206 ἵστατο

629 1245 778 1310 ὑπαὶ
817 1246 883 1310 δὲ
913 1241 1148 1334 ἴδεσκε]
1180 1243 1539 1324 ὑπέβλεπεν

441 1349 583 1414 218.
633 1347 1019 1428 σημειωτέον,
1044 1350 1138 1414 ὅτι
1172 1350 1427 1416 ἕκαστος
1454 1353 1576 1414 τῶν
1602 1346 1919 1431 ἡγεμόνων
1946 1349 2254 1429 σκῆπτρον
2283 1345 2451 1430 εἶχεν
2480 1345 2652 1424 ἴδιον,

352 1450 452 1516 καὶ
480 1451 813 1534 Ἀχιλλεὺς
842 1454 911 1519 ἐν
939 1454 1021 1537 τῷ
1056 1458 1107 1516 Α
1138 1450 1323 1539 (234)
1356 1454 1574 1533 ὄμνυσι
1606 1449 1735 1515 κατ’
1765 1451 1913 1516 αὐτό
1938 1450 2078 1513 A=
2686 1463 2760 1506 10

632 1552 1000 1645 προπρηνές]
1036 1557 1122 1623 είς
1150 1555 1221 1621 τὸ
1253 1556 1598 1638 ἔμπροσθεν

442 1676 589 1725 220.
638 1656 916 1748 ζάκοτον]
949 1659 1106 1725 πάνυ
1136 1660 1386 1744 ὀργίλον

443 1778 592 1839 242.
638 1763 677 1827 ά
709 1788 814 1843 μοι
845 1763 1043 1846 ἐστίν]
1074 1763 1115 1827 ἃ
1144 1767 1220 1828 δι’
1254 1765 1357 1842 ἐμὲ
1388 1761 1589 1828 αὐτοῖς
1620 1762 1793 1826 ἐστιν

445 1864 591 1944 246.
635 1861 932 1954 ἐύφρονα]
965 1864 1072 1930 τὸν
1102 1864 1502 1947 εὐφραίνοντα
2130 1910 2139 1915 ·

447 1980 592 2049 250.
637 1963 1155 2056 Λαομεδοντιάδη]
1206 1968 1623 2051 Λαομέδοντος
1652 1974 1765 2034 παῖ
1795 1971 2086 2051 Πρίαμος,
2116 1966 2339 2051 μητρὸς
2368 1970 2435 2034 δὲ
2466 1966 2654 2049 Ζευξ-
2690 1978 2763 2039 15

358 2072 547 2151 ίππης
578 2091 695 2135 ree.
728 2072 791 2135 A
808 2087 862 2143 -Ι-
2422 2110 2431 2123 ·

448 2177 594 2241 262.
633 2173 722 2264 ot]
757 2175 913 2262 αὐτῷ
1175 2172 1576 2265 περικαλλέα]
1611 2180 1702 2244 εἰς

448 2281 596 2364 263.
641 2281 722 2344 τὸ
756 2276 847 2367 δέ]
882 2281 1047 2344 οὗτοι
1076 2278 1146 2345 δέ
1404 2278 1674 2368 Σκαιῶν]
1710 2286 1923 2346 πυλῶν

453 2383 600 2465 269.
646 2381 842 2473 οἶνον]
875 2391 981 2450 τὸν
1016 2382 1170 2469 (ἐξ)
1206 2384 1566 2468 ἀμφοτέρων
1593 2392 1715 2449 τῶν
1744 2391 1942 2466 μερῶν
1973 2383 2409 2469 κεκερασμένον

451 2504 598 2571 272.
644 2487 1026 2571 α’πεκρέματο
1054 2487 1290 2576 ᾐώρητο
1324 2488 1478 2572 (τὸ)
1515 2498 1556 2526 “
1576 2486 1812 2571 &cupa-0⁹⁹
2692 2496 2770 2543 20

452 2607 598 2678 273.
643 2592 868 2673 τάμνεν
913 2587 1155 2681 τρίχας]
1202 2601 1324 2658 τῶν
1368 2594 1565 2677 ἀρνῶν
1609 2592 1747 2661 τοὺς
1793 2593 2155 2677 κορυφαίους
2193 2592 2467 2675 μαλλοὺς
2509 2591 2663 2660 άπέ-

360 2722 577 2777 τεμνεν

455 2800 600 2882 278.
646 2795 972 2887 καμόντας]
1007 2798 1144 2868 τοὺς
1173 2798 1655 2881 τελευτήσαντας

455 2922 602 2989 292.
650 2898 1027 2991 στομάχους]
1068 2903 1383 2988 φάρυγγας
1411 2904 1685 2986 λαιμούς,
1716 2905 1851 2971 ἐπεὶ
1882 2904 2264 2986 συνέζευκται
2293 2906 2328 2971 ὅ
2359 2907 2669 2991 στόμαχος

365 3010 446 3094 τῷ
469 3007 667 3092 λαιμῷ
2698 3021 2727 3061 2
2737 3017 2772 3077 5

647 3107 845 3198 νηλέῑ]
876 3109 1100 3189 α’νηλεῖ
1444 3129 1596 3196 300.
1641 3107 1789 3202 σφ’]
1824 3111 2018 3180 αὐτῶν
2048 3112 2104 3175 Β
2123 3126 2177 3182 -Ι-
2430 3181 2435 3185 ,

457 3234 606 3300 301.
652 3211 902 3303 ἄλοχοι]
936 3215 1132 3280 αὐτῶν
1161 3215 1754 3299 αῖχμαλωτισθεΐσαι
2018 3213 2297 3306 δαμεῖεν]
2329 3219 2363 3251 “
2379 3215 2668 3300 pgygtwf‘

455 3333 605 3404 325.
652 3316 914 3407 Πάριος]
951 3316 1248 3386 Ἰωνικῶς·
1293 3318 1466 3400 ἡμεῖς
1496 3320 1561 3384 δὲ
1593 3318 1861 3402 Πάριδος

455 3442 606 3508 331.
651 3417 1067 3510 ἐπισφυρίοις]
1103 3427 1230 3489 τοῖς
1259 3428 1379 3488 τῶν
1410 3428 1663 3504 σφυρῶν
1692 3423 2078 3505 καλύμμασιν

454 3545 604 3612 333.
650 3522 775 3615 oto]
811 3528 991 3590 αὑτοῦ
2700 3545 2777 3606 3ο

456 3644 605 3717 335.
650 3627 868 3717 σάκος]
905 3632 1000 3695 ὅτι
1040 3632 1204 3712 παρὰ
1243 3629 1503 3712 πρώτοις
1535 3629 1761 3698 Σάκαις
1798 3631 2058 3714 εὕρηται·
2104 3629 2297 3698 Σάκαι
2328 3632 2461 3698 ἐστὶ
2487 3630 2673 3715 μέρος
2750 3721 2755 3732 ¹

370 3734 617 3821 Θρᾴκης

458 3855 610 3925 337.
657 3833 972 3927 ἵππουριν]
1015 3835 1085 3918 ἐξ
1121 3838 1380 3903 ἱππείων
1416 3843 1640 3922 τριχῶν
1681 3844 1789 3904 τὸν
1818 3839 2021 3921 λόφον
2051 3839 2320 3922 ἔχουσιν.
2378 3840 2578 3922 λόφος
2607 3837 2674 3905 δέ

371 3945 507 4008 ἐστι
536 3949 605 4007 τὸ
634 3946 742 4022 τῆς
772 3941 1250 4025 περικεφαλαίας
1278 3940 1599 4021 ἀνάστημα

458 4063 609 4130 347.
654 4043 914 4110 παντόσ’
946 4041 1152 4133 ἐίσην]
1186 4046 1510 4127 κυκλοτερῆ
1773 4057 1921 4131 351.
1967 4046 2004 4109 ὅ
2029 4041 2136 4134 με]
2169 4047 2238 4114 ὅς
2264 4073 2342 4129 με
2705 4066 2782 4129 35

459 4163 608 4238 354.
655 4151 690 4212 ὅ
721 4145 854 4238 κεν]
881 4150 947 4216 ὅς
979 4175 1082 4214 κεν
1341 4161 1488 4233 359.
1532 4145 1843 4238 λαπάρην]
1876 4152 2113 4234 λαγόνα

460 4256 608 4337 360.
656 4248 934 4340 ἐκλίνθη]
970 4250 1240 4318 ἐνέκλινε
1275 4253 1343 4316 τὸ
1374 4253 1637 4335 πλευρόν

461 4360 609 4444 362.
656 4351 1103 4445 ἆνασχόμενος]
1133 4355 1449 4423 α’νατείνας
1575 4343 1580 4348 .

656 4460 913 4542 (φάλον’
938 4460 1010 4524 τὸ
1033 4461 1516 4541 προμετωπίδιον
1532 4460 1856 4541 ἀνάστημα
1879 4465 1986 4543 τῆς
2010 4464 2510 4545 περικεφαλαίας·
2543 4461 2678 4529 ἔστι

439 4631 487 4679 4.
521 4615 576 4665 ἐν
597 4611 641 4680 ᾧ
663 4616 858 4680 scrip-i,
882 4613 964 4665 οὓς
986 4615 1067 4667 De
1101 4613 1156 4665 ἐν
1177 4611 1246 4664 οἷς
1304 4618 1325 4674 11
1387 4628 1464 4666 12.
1498 4614 1562 4665 ad
1590 4617 1684 4678 ²38
1706 4614 1778 4665 τώ
1798 4615 1905 4728 μορ
1932 4613 2042 4666 νέας
2061 4614 2195 4667 τινάς
2214 4617 2456 4683 seriptum
2508 4620 2531 4679 u
2599 4631 2678 4684 ²⁴-

372 4680 575 4744 λαιμοὺς
597 4683 682 4734 D:
718 4680 771 4730 -ὰ
795 4686 816 4742 ΙΙ
844 4679 1151 4743 συνέζευκται
1175 4683 1259 4733 D:
1295 4699 1344 4729 -o
1370 4686 1389 4740 ΙΙ
1418 4695 1496 4743 31.
1520 4679 1711 4745 εὕρηται
1737 4683 1819 4734 D:
1845 4698 1867 4729 ε
1889 4699 2033 4745 ρηται
