3298 5195
1190 354 1533 415 ιΛιΑΔοΣ
1579 356 1656 414 Δ.
1705 348 1834 438 (4)
2535 348 2661 411 607

456 534 603 602 250.
650 515 1008 610 κοιρανέων]
1042 520 1391 586 διατάσσων
1425 541 1543 586 ree.

455 638 599 706 251.
647 625 912 704 οὗλαμὸς
963 624 1132 705 τάξις
1177 631 1582 706 συνεστηκυῖα
1627 627 1694 690 ἐκ
1738 620 1801 706 μ’
1848 624 2098 707 ἀνδρῶν.
2182 621 2258 704 ἦν
2303 625 2369 687 δὲ
2414 620 2673 706 φάλαγξ

365 726 536 808 τάξις
568 729 690 793 άπὸ
717 727 809 810 ρκ’
839 730 1072 811 ἀνδρῶν
1100 728 1235 799 Α-ι-

457 846 604 918 253.
651 829 913 922 εἴκελος]
963 837 1303 914 διφορεῖται
1334 838 1404 897 τὸ
1435 833 1694 908 ἁπλοῦν,
1728 831 1797 895 τὸ
1842 832 1909 896 δὲ
1955 831 2248 896 σύνθετον
2293 828 2387 896 ἀεὶ
2434 833 2535 895 διᾶ
2578 834 2668 894 δι-

369 936 649 1019 φθόγγου
2695 945 2732 1005 5

457 1040 602 1121 258·
649 1037 834 1129 ἔργῳ]
866 1037 905 1120 ἢ
936 1043 1007 1126 τῇ
1040 1041 1252 1126 ἐνέδρᾳ

459 1156 604 1225 259.
649 1140 998 1232 γερούσιον]
1034 1146 1186 1208 κατὰ
1214 1143 1394 1224 τιμὴν
1423 1145 1740 1224 διδόμενον

459 1248 539 1310 26
548 1265 605 1313 2.
650 1243 893 1335 πλεῖον]
928 1248 1152 1330 πλῆρες
1415 1249 1560 1326 264.
1606 1242 1824 1335 πάρος]
1863 1247 2158 1330 πρότερον

459 1352 603 1417 266.
652 1352 915 1435 ἐρίηρος]
948 1350 1270 1434 εὐάρεστος

460 1454 607 1537 276.
655 1450 991 1543 Ζεφύροιο]
1025 1451 1062 1534 ἢ
1099 1455 1221 1520 άπὸ
1252 1459 1358 1518 τοῦ
1390 1454 1580 1537 ζόφου
1611 1455 1711 1519 καὶ
1740 1454 1844 1532 τῆς
1875 1453 2104 1521 δύσεως
2135 1451 2335 1520 πνέων
2368 1451 2499 1524 A÷
2564 1510 2567 1511 γ
2704 1467 2778 1506 10

459 1572 606 1643 279.
652 1555 871 1646 σπέος]
906 1557 1219 1637 σπήλαιον

459 1680 606 1746 290.
650 1664 734 1747 τῷ
767 1688 833 1727 κε
862 1660 996 1746 τάχ’
1030 1657 1310 1750 ἠμύσειε]
1345 1662 1532 1729 οὕτως
1562 1659 1639 1725 ἂν
1668 1659 1901 1744 ταχέως
1929 1662 2260 1741 πορθηθείη
2291 1681 2415 1723 ree.

460 1784 609 1849 294.
655 1761 1026 1853 στέλλοντα]
1062 1764 1452 1846 ἑτοιμάζοντα

462 1882 607 1954 295.
654 1863 1137 1956 Πελάγοντα-ὲ]
1194 1869 1360 1933 οὗτοι
1410 1867 1729 1951 ταξίαρχοι
1779 1869 2073 1952 ὑπῆρχον.
2163 1867 2467 1949 βασιλεὺς
2516 1866 2669 1952 (δέ)

371 1976 508 2038 ἐστι
539 1971 782 2039 πάντων
811 1978 930 2036 τῶν
961 1975 1212 2037 Πυλίων
1242 1974 1276 2036 ὁ
1308 1971 1565 2054 Νέστωρ
1594 1972 1737 2035 A=
2366 2028 2369 2031 .
2707 1984 2779 2045 15

460 2095 609 2163 303.
659 2071 992 2164 ἱπποσύνῃ]
1025 2079 1097 2163 τῇ
1132 2077 1344 2163 ἱππικῇ
1378 2078 1658 2161 ἐμπειρία
1744 2159 1751 2163 —

459 2192 608 2267 305.
655 2175 1164 2268 ἀλαπαδνότεροι]
1198 2180 1630 2262 ἀσθενέστεροι

461 2283 608 2370 306.
655 2282 722 2351 as
750 2281 820 2348 δέ
848 2283 898 2347 κ’
931 2278 1110 2371 awfp]
1159 2283 1217 2348 οἱ
1260 2286 1372 2363 μὲν
1415 2284 1594 2347 τοῦτό
1631 2290 1792 2365 φασι
1822 2283 2276 2367 παραγγέλλειν
2318 2282 2523 2363 αυτόν,
2553 2286 2674 2365 ἵνα,

371 2385 442 2456 δς
470 2387 547 2453 ἂν
575 2388 872 2469 πολεμίου
909 2387 1171 2469 ἅρματος
1214 2385 1517 2468 κρατήσας
1550 2388 1764 2474 ἐπιβῇ,
1792 2387 2061 2471 μάχηται
2093 2387 2191 2452 καὶ
2219 2388 2302 2469 μὴ
2328 2387 2677 2468 ἐξελαύνειν

374 2491 704 2580 σπουδάζῃ·
749 2491 808 2555 οἱ
838 2492 905 2555 δὲ
928 2492 1134 2557 οὕτως·
1180 2491 1351 2558 ὅστις
1380 2491 1431 2556 δ’
1462 2491 1539 2555 ἄν
1567 2499 1764 2573 φησιν
1787 2490 2071 2579 ἀποπέσῃ
2094 2497 2201 2556 τοῦ
2230 2493 2385 2558 ἰδίου
2416 2492 2678 2574 ἅρματος
2706 2510 2782 2554 20

373 2599 474 2662 καὶ
506 2597 604 2662 ἐπὶ
634 2601 743 2661 τοῦ
770 2597 1044 2674 πλησίον
1088 2592 1515 2678 παραγένηται,
1542 2595 1626 2676 μὴ
1670 2594 1993 2680 ἠνιοχείτω
2038 2595 2138 2662 διὰ
2183 2595 2253 2662 τὸ
2295 2596 2451 2662 εἶναι
2496 2595 2679 2661 αὐτὸν

372 2702 442 2765 ἐν
486 2702 701 2785 ἀγνοίᾳ
745 2706 850 2764 τοῦ
894 2699 1076 2779 ἤθους
1122 2704 1242 2763 τῶν
1279 2702 1502 2778 ἵππων,
1534 2699 1742 2781 δόρατι
1787 2703 1853 2764 δὲ
1895 2704 2140 2780 μᾶλλον
2184 2699 2510 2780 ἆμυνάσθω
2541 2700 2680 2767 τοὺς

370 2807 704 2885 ,πολεμίους
731 2802 871 2865 A=

464 2926 611 2993 314.
655 2902 801 2995 βίη]
835 2907 1020 2974 οὕτως
1048 2904 1296 2986 δύναμις
1556 2924 1706 2995 321.
1751 2903 1850 2994 ἔα]
1886 2908 2020 2972 ἀντὶ
2043 2912 2150 2971 τοῦ
2180 2906 2255 2987 ἦν

464 3025 613 3097 327.
658 3010 696 3090 ἦ
731 3011 932 3075 εὐθεῖα
961 3011 995 3073 ὁ
1025 3010 1256 3078 Πετεός
1296 3012 1402 3074 τοῦ
1447 3015 1701 3088 Πετεοΰ,
1733 3010 1812 3077 ὥς
1842 3011 2010 3078 ἐνεός
2040 3012 2232 3084 ἐνεοῢ,
2266 3007 2364 3076 καὶ
2391 3009 2683 3077 Ἀττικῶς
2713 3031 2787 3092 25

378 3114 502 3180 κατ’
524 3113 853 3180 ἐπέκτασιν
869 3119 975 3177 τοῦ
1003 3119 1038 3177 ὃ
1070 3116 1157 3181 εἰς
1180 3114 1227 3178 ὦ
1256 3113 1476 3198 γέγονε
1499 3114 1763 3181 Πετεώς·
1804 3113 1884 3181 ὥς
1909 3115 2029 3179 ἀπὸ
2060 3120 2168 3178 τοῦ
2198 3113 2520 3182 Μενέλαος
2549 3117 2682 3179 Με-

377 3217 600 3287 νελάου
645 3218 972 3284 Μενέλεως
1014 3220 1249 3300 γίνεται
1295 3219 1446 3282 κατὰ
1487 3216 1801 3285 Ἀττικοὺς
1848 3218 1948 3282 καὶ
1995 3217 2117 3283 άπὸ
2161 3222 2268 3281 τοῦ
2311 3218 2464 3285 λαός
2508 3218 2685 3293 λεώς,

378 3324 532 3388 οὕτω
566 3320 665 3388 καὶ
699 3321 819 3387 ἀπὸ
847 3326 954 3385 τοῦ
983 3322 1215 3389 Πετεός
1260 3321 1521 3398 Πετεώς,
1554 3322 1687 3386 εἶτα
1714 3321 1752 3401 ἡ
1785 3321 1993 3404 γενικὴ
2025 3324 2132 3384 τοῦ
2163 3326 2373 3387 Πετεῦ
2405 3318 2504 3385 καὶ
2535 3322 2689 3386 κατὰ

377 3425 771 3507 πλεονασμὸν
799 3431 905 3490 τοῦ
935 3425 969 3489 ὃ
998 3424 1216 3509 γέγονε
1245 3428 1281 3459 “
1301 3429 1548 3490 Πετεῶο
1569 3422 1606 3451 ”
1634 3424 1774 3487 A—

466 3529 619 3614 328.
662 3527 976 3612 μήστωρες
1006 3523 1216 3616 ἆυτῆς]
1249 3526 1564 3608 δυνάμενοι
1596 3530 1750 3592 κατὰ
1781 3525 1988 3613 μάχην
2016 3527 2480 3608 βουλεύσασθαι
2510 3525 2646 3598 Α-ὶ-
2714 3559 2794 3618 30

466 3651 615 3719 334.
662 3628 915 3721 πύργος]
950 3630 1120 3712 τάξις
1147 3632 1286 3694 A=
1560 3644 1707 3718 335.
1750 3626 2004 3719 Τρώων]
2040 3629 2193 3695 κατά
2752 3621 2757 3626 ’

467 3755 614 3822 343.
662 3730 1101 3823 ἀκουάζεσθον]
1136 3739 1427 3802 καλεῖσθε
1457 3755 1578 3799 ree.

468 3843 619 3926 346.
664 3837 802 3922 ὄφρ’
835 3839 1158 3922 ἐθέλητον]
1190 3839 1303 3907 ἕως
1335 3840 1404 3904 οὗ
1433 3838 1654 3919 θέλητε
1683 3859 1809 3903 ree.

468 3957 617 4030 347.
663 3938 914 4036 ὁρόῳτε]
949 3945 1136 4030 ὁρῷτε
1396 3944 1546 4028 363.
1590 3937 1974 4030 μεταμώλια]
2006 3940 2236 4023 μάταια

468 4060 616 4134 372.
662 4041 1118 4135 πτωσκαζέμεν]
1154 4045 1627 4125 καταπτήσσειν,
1661 4051 1897 4112 δειλιαν
2718 4073 2796 4148 35

468 4153 617 4238 376.
667 4151 851 4236 (ἄτερ
880 4149 1229 4233 πολέμου>]
1273 4150 1524 4233 πέμψας
1566 4152 1683 4233 γὰρ
1730 4151 1816 4217 εἰς
1862 4147 2152 4229 Μυκήνας
2181 4148 2602 4233 συμμαχίαν
2559 4175 2693 4238 ῃτει

380 4255 484 4321 ἐπὶ
528 4255 866 4334 Θηβαίους.
941 4253 1222 4333 Θυέστης
1264 4256 1377 4334 μὲν
1421 4254 1528 4320 ουν
1571 4254 1823 4333 ἑτοίμως
1867 4254 2084 4330 ἐδίδου,
2131 4259 2351 4335 σημεῖα
2400 4252 2469 4319 δὲ
2513 4253 2695 4318 αὐτὸν

383 4360 656 4426 ἐκώλυσε
685 4363 914 4441 φαῦλα·
958 4353 1322 4425 ἐπελθόντες
1353 4351 1458 4423 ουν
1489 4358 1575 4423 εἰς
1602 4360 1712 4424 τὰς
1748 4355 1973 4438 Θήβας
2004 4359 2063 4420 01
2087 4355 2356 4441 Ἀργεῖοι
2385 4357 2696 4437 πέμπουσι

381 4461 769 4546 πρεσβευτὴν
804 4461 1019 4540 Τυδέα,
1050 4460 1117 4529 as
1155 4463 1252 4526 καὶ
1296 4460 1666 4541 καταλαβὼν
1690 4466 1981 4543 γυμνικὸν
2009 4461 2215 4544 ἀγῶνα
2258 4459 2696 4544 συμμαχούσης

452 4590 844 4654 ιεΐασυνστηκυ
812 4589 949 4640 α·1)
982 4587 1452 4650 συντετακνΐ.α116
1486 4585 1938 4652 ἤτοιένέδρᾳοοιιι
1963 4587 2693 4653 wn14aeaupp1viexnu

383 4657 1100 4775 Ἀῡρεῶἕωηωιιεε.
1077 4654 1248 4707 usia-a
1270 4654 1535 4718 οήβωυι
1568 4654 1623 4705 ι
1595 4671 1752 4705 m
1774 4653 1958 4719 οήβαι
1937 4654 2318 4721 ’.κιιιΑΙιςς
2285 4652 2609 4718 talpona-y.
2634 4659 2695 4704 ut
