3298 5195
658 341 789 403 550
1479 341 1820 403 1A1AA02
1870 341 1936 401 Σ.
1985 335 2161 422 (18)

743 528 897 594 491·
940 510 1043 600 τἣ]
1073 510 1145 599 riv*
1174 512 1285 596 μιᾷ
1317 510 1497 575 πόλει

742 632 897 699 492.
940 614 1189 699 δαΐδων]
1226 619 1465 696 φωτῶν,
1503 610 1839 693 λαμπάδων
2101 630 2251 697 493.
2296 607 2568 701 ἠγίνεον]
2603 611 2755 696 ἦγον

741 736 894 803 494.
939 718 1201 803 ἐδίνεον]
1231 716 1684 799 ἀνεστρέφοντο

743 833 895 905 500.
940 821 1343 906 πιφαύσκων]
1372 825 1697 902 διασαφῶν
1960 832 2110 902 501.
2154 814 2384 907 ἴστορι]
2414 818 2665 901 μάρτυρι
2688 819 2825 890 Α-Ι-

595 941 632 1009 5
943 921 1191 1014 πεῖραρ]
1223 924 1294 989 τὸ
1323 923 1504 991 τέλος
1765 933 1916 1004 505.
1964 917 2142 1010 ἔχον]
2175 924 2452 1006 ὑπῆρχον

747 1041 898 1111 515.
942 1027 1151 1111 ἀνέρες
1179 1027 1282 1095 οὓς
1310 1029 1418 1111 ἔχε
1446 1022 1664 1114 γῆρας]
1698 1024 1978 1109 γέροντες
2154 1037 2303 1109 519.
2349 1021 2653 1115 ὀλίζονες]
2686 1028 2895 1110 ὀλίγοι

745 1144 896 1218 539.
943 1127 1241 1218 ὦμίλευν]
1276 1128 1729 1212 ἀνεστρέφοντο

744 1248 896 1318 542.
942 1229 1266 1322 τρίπολον]
1300 1234 1427 1317 τρὶς
1455 1232 1931 1316 ἦροτριασμένον

743 1350 889 1424 543.
937 1333 1305 1427 ἐλάστρεον]
1339 1335 1608 1417 ἤλαυνον

558 1461 633 1523 10
744 1453 896 1524 544.
940 1437 1193 1530 τέλσον]
1225 1439 1403 1508 τέλος
1433 1439 1526 1520 ἦν,
1558 1441 1659 1505 καὶ
1699 1440 1850 1505 κατὰ
1885 1439 2212 1520 μετάθεσιν
2240 1440 2432 1505 τέλσο
2464 1441 2565 1505 καὶ
2595 1441 2969 1525 προ<σ>θέ-

660 1571 760 1611 σει
788 1550 896 1610 τοῦ
929 1548 965 1611 ὗ
994 1549 1028 1582 “
1053 1543 1343 1623 τέλσον,”
1377 1543 1511 1623 ἤτοι
1542 1541 1723 1611 τέλος

742 1650 892 1732 546.
938 1644 1363 1735 στρέψασκον]
1400 1646 1533 1726 ἤτοι
1564 1646 1944 1729 ἐστρέφοντο
2119 1645 2370 1736 ὄγμους]
2405 1648 2543 1714 τοὺς
2574 1647 2850 1715 αὔλακας

744 1753 894 1835 548.
937 1747 1288 1839 μελαίνετο]
1321 1754 1548 1832 βαθεῖα
1576 1749 1865 1832 ἐφαίνετο
2113 1747 2478 1838 ἀρηρομένῃ]
2512 1750 2966 1839 ἠροτριασμένῃ

746 1868 894 1939 550.
941 1851 1218 1942 τέμενος]
1251 1854 1481 1938 χωρίον
1744 1850 1964 1941 ἔριθοι]
1997 1855 2259 1937 γεωργοί

559 1978 631 2039 15
746 1973 895 2042 551.
944 1954 1174 2046 ὀξείας]
1210 1956 1580 2038 ἠκονημένας

746 2074 899 2148 553.
942 2056 1465 2149 ἀμαλλοδετῆρες]
1500 2063 1559 2124 οἳ
1590 2061 2072 2143 δραγματοδέται

749 2166 896 2249 561.
944 2161 1181 2253 ἀλωήν]
1214 2166 1492 2246 ἄμπελον
1756 2166 1905 2250 563.
1953 2162 2252 2254 εἱστήκει]
2284 2165 2322 2245 ᾗ
2356 2166 2631 2247 άμπελος

946 2265 1195 2357 κάμαξι]
1228 2268 1630 2352 χαρακώμασι
1893 2265 2285 2357 ἀργυρέῃσιν]
2317 2267 2808 2350 βασταζομέναις

749 2372 897 2455 564.
945 2369 1135 2461 ἀμφί]
1171 2373 1351 2451 ἔθηκε
1610 2371 1763 2454 568.
1807 2369 2165 2460 ταλάροισι]
2203 2375 2600 2440 καλαθίσκοις

557 2499 635 2547 20
749 2489 899 2559 570.
951 2471 1245 2562 (λίνον>]
1279 2473 1316 2555 ἢ
1348 2475 1460 2555 τὴν
1490 2476 1712 2558 κόρδαν
1972 2490 2121 2560 571.
2163 2472 2531 2564 ῥήσσοντες]
2566 2481 2929 2559 κροτοῦντες

749 2592 896 2663 572.
944 2576 1165 2669 ἰυγμῷ]
1200 2579 1470 2665 συριγμῷ
1494 2579 1632 2643 A:
1897 2580 2045 2664 582.
2092 2576 2206 2669 τό]
2239 2583 2299 2645 01
2327 2579 2601 2666 λέοντες,

750 2683 899 2766 587.
944 2681 1161 2772 νομόν]
1197 2682 1388 2764 νομήν
1630 2681 1781 2768 588.
1826 2680 2002 2772 οἰῶν]
2034 2683 2366 2767 προβάτων

945 2783 1323 2875 ἀργεννάων]
1356 2792 1591 2853 λευκῶν

748 2893 898 2978 596.
946 2888 1144 2979 εἴατο]
1180 2891 1622 2975 ἐνεδέ<δυ>ντο
1887 2887 2232 2979 ἐυννήτους]
2267 2891 2332 2955 εὖ
2364 2891 2766 2971 νενησμένους

562 3015 637 3077 25
948 2990 1166 3084 ἐλαίῳ]
1203 2995 1284 3062 ὡς
1545 2995 1693 3058 600.
1739 2990 2027 3084 ἄρμενον]
2060 2994 2446 3077 ἡρμοσμένον
2477 2995 2610 3067 Α-Ι-

753 3098 900 3163 601.
945 3094 1330 3185 πειρήσεται]
1366 3102 1578 3180 πεῖραν
1609 3099 1971 3179 ποιούμενος
2005 3098 2314 3179 κινήσειεν

947 3198 1190 3289 θέῃσιν]
1224 3200 1525 3285 γράφεται
1557 3208 1592 3237 “
1614 3200 1873 3289 θέλῃσιν
1893 3201 1931 3227 ”

753 3307 900 3371 602.
947 3300 1315 3392 θρέξασκον]
1352 3307 1418 3371 ἐν
1449 3305 1646 3392 κύκλῳ
1681 3307 1931 3390 ἔτρεχον

1786 3630 1860 3691 Τ.

561 3788 640 3848 30
755 3784 815 3851 3.
861 3760 1033 3854 θεοῦ]
1066 3767 1174 3828 τοῦ
1201 3761 1563 3845 ιΗφαίστου
1829 3784 1887 3850 9.
1936 3760 2173 3853 πρῶτα]
2208 3765 2318 3845 τὴν
2347 3764 2542 3849 ἀρχήν

760 3887 859 3933 11.
907 3864 1094 3957 καλά]
1127 3873 1197 3931 τὸ
1228 3869 1416 3934 καλός
1441 3867 1675 3949 μακρὸν
1704 3870 1868 3951 παρὰ
1897 3870 1981 3955 τῷ
2016 3867 2262 3954 Ὁμήρῳ

757 3989 861 4038 21.
906 3965 1196 4058 ἐπιεικές]
1233 3971 1462 4053 πρέπον
1730 3973 1830 4038 26.
1877 3969 2273 4060 ἀεικίσσωσι]
2309 3973 2663 4055 ἀφανίσωσι

755 4092 862 4159 43.
907 4073 1074 4154 οἰήια
1101 4069 1290 4163 νῆων]
1323 4075 1398 4139 τὰ
1428 4073 1701 4154 πηδάλια
1963 4087 2070 4157 45.
2118 4071 2208 4163 οἵ]
2242 4076 2409 4141 οῦτοι

754 4179 860 4259 46.
906 4173 1119 4267 δηρόν]
1163 4179 1356 4243 καίτοι
1387 4204 1462 4261 γε
1500 4183 1661 4260 τρεῖς
1701 4177 1941 4260 ἡμέρας·
1990 4180 2156 4244 ἀλλά
2199 4180 2298 4245 διὰ
2338 4180 2451 4261 τὴν
2490 4181 2824 4264 δυστυχίαν
2860 4187 2991 4249 τῶν

565 4305 642 4369 35
667 4280 991 4362 Ἑλλήνων
1019 4282 1199 4346 τοῦτό
1226 4285 1424 4362 φησιν

755 4399 861 4471 50.
907 4387 1112 4473 πρῶτῃ
1142 4380 1365 4473 ἀγορῇ]
1395 4386 1468 4472 τῇ
1502 4386 1791 4471 προεδρίᾳ
2053 4385 2158 4451 61.
2206 4388 2288 4472 τῷ
2324 4382 2409 4476 κ’]
2445 4384 2543 4451 καὶ
2579 4388 2767 4455 οὕτως

754 4488 858 4554 68.
908 4485 1339 4576 <ἀσκελέως>]
1372 4487 1690 4555 τουτέστιν
1720 4488 2134 4569 ἀμεταβάτως·
2181 4492 2247 4556 ἐκ
2276 4495 2627 4573 μεταφορᾶς
2667 4496 2788 4555 τῶν
2832 4518 2986 4558 σκε-

1573 4630 1653 4681 16.
1687 4632 2081 4694 ἀμαλλοδοτῆρες
