3298 5195
1159 366 1503 430 ιΛιΑΔοΣ
1548 366 1622 426 A.
1667 359 1807 447 (1)
2496 356 2629 419 489

323 538 422 603 καὶ
466 541 622 620 σιγῶ
668 540 818 620 σῖγα
860 536 1047 633 οὕτως
1086 535 1154 600 ἐκ
1183 538 1289 598 τοῦ
1319 535 1437 615 dp&
1481 534 1608 615 ὅρα,
1643 533 1743 597 καὶ
1781 533 1937 613 μετὰ
1979 533 2084 611 τῆς
2126 531 2247 595 ὑπό
2285 529 2482 611 ὑπόρα
2525 526 2626 590 καὶ

327 642 696 727 πλεονασμῷ
726 643 832 704 τοῦ
861 644 893 703 δ
929 642 963 676 “
985 637 1269 720 ὑπόδρα,”
1300 637 1370 702 τὸ
1398 639 1748 719 ὑφορᾶσθαι

613 740 711 808 καὶ
739 743 946 809 ἄλλως
971 766 985 805 t
1034 742 1205 807 ἔστιν
1234 746 1353 824 δρῶ
1385 741 1484 805 καὶ
1526 739 1811 819 σημαίνει
1841 737 1909 803 rb
1942 737 2185 821 βλέπω,
2217 733 2292 817 ἐξ
2316 735 2386 801 οὑ
2416 738 2632 818 δρᾶσις

191 862 200 871 ’
333 848 430 913 καὶ
459 850 670 930 δρᾶμα·
719 850 786 913 ἑκ
824 850 928 910 τοῦ
967 845 1073 912 οὑν
1114 850 1233 928 δρῶ
1263 846 1493 929 γίνεται
1521 847 1649 926 δρᾶ,
1690 840 1789 908 καὶ
1813 844 1968 924 μετὰ
1996 846 2103 923 τῆς
2130 841 2251 907 ὑπό
2280 844 2313 876 “
2335 835 2625 921 ὑπόδρα,”

334 951 403 1015 τὸ
430 948 831 1031 ὑποβλέπειν·
876 950 976 1013 καὶ
1005 948 1392 1031 δραπετεύειν
2667 966 2704 1028 5

429 1054 571 1119 162.
618 1050 665 1139 ᾧ
694 1048 826 1141 ἔπι]
860 1051 1254 1135 ἀναστραφέν
1284 1056 1416 1115 A=

427 1170 569 1238 171.
615 1151 911 1245 πλοῦτον]
944 1153 1307 1232 συνεξάκουε
1337 1161 1443 1220 τὸν
1471 1160 1593 1222 τῶν
1619 1155 1850 1238 Τρῶων

433 1275 573 1346 173.
618 1261 783 1342 παρὰ
826 1261 908 1345 τῷ
952 1260 1171 1347 ποιητῇ
1219 1258 1402 1325 πέντε
1442 1260 1726 1339 σημαίνει
1757 1260 1792 1322 ὁ
1830 1259 2034 1339 θυμός·
2079 1257 2192 1340 τὴν
2223 1253 2426 1341 ὀργήν,
2464 1254 2543 1324 ὦς
2573 1253 2646 1319 rb

341 1370 378 1400 “
405 1364 588 1444 θυμὸς
632 1365 697 1428 δὲ
738 1361 1387 1446 μέγας-διοτρεφέων
1419 1360 1747 1443 βασιλήων
1764 1362 1798 1389 ”
1829 1360 1939 1448 (ΙΙ.
1974 1380 2033 1429 2.
2071 1361 2240 1449 196),
2268 1361 2381 1442 τὴν
2416 1356 2646 1444 ψυχήν,

341 1467 421 1536 ὣς
460 1467 531 1532 τὸ
561 1472 595 1502 “
611 1464 906 1547 μελιηδέα
949 1469 1138 1547 θυμὸν
1181 1465 1418 1549 ἀπηύρα
1432 1464 1472 1493 ”
1502 1463 1611 1552 (ΙΙ.
1660 1483 1761 1532 10.
1802 1476 1931 1549 495
1976 1462 2108 1551 aL),
2151 1465 2263 1545 τὴν
2306 1463 2646 1544 ἐπιθυμίαν,
2682 1486 2756 1527 10

344 1577 382 1609 ‘⁸
405 1568 454 1656 ᾧ
500 1572 663 1656 θυμῷ
694 1568 913 1650 εἴξασα
947 1569 1098 1653 μίγη
1134 1570 1424 1652 φιλότητι
1466 1569 1567 1634 καὶ
1606 1566 1805 1657 εὑνῇ”
1835 1564 1988 1656 (Od.
2011 1581 2073 1649 5.
2104 1566 2275 1654 126),
2305 1567 2413 1633 τὸν
2441 1570 2650 1633 ἐπιλο-

342 1673 589 1758 γισμόν,
634 1673 714 1742 ὣς
764 1676 915 1737 τὸ.“
938 1672 1137 1755 ἔτερος
1188 1671 1260 1738 δέ
1310 1698 1377 1739 τε
1429 1672 1614 1754 θυμὸς
1671 1671 1945 1754 ἀνῆκεν”
1993 1671 2147 1759 (Od.
2196 1692 2259 1756 9.
2309 1668 2486 1757 302),
2536 1670 2651 1751 τὴν

345 1778 652 1858 ὁμόνοιαν,
686 1776 766 1843 ὥς
794 1776 865 1841 τὸ
894 1775 1058 1842 “ἔνα
1085 1776 1274 1856 θυμὸν
1302 1776 1516 1861 ἔχοντε
1537 1774 1579 1805 ”
1608 1774 1759 1862 (Od.
1792 1798 1853 1864 3.
1891 1773 2043 1862 128)
2073 1775 2211 1839 A=

437 1893 581 1962 174.
633 1876 996 1968 <μητιέτα>]
1042 1878 1323 1960 μητιέτης
1363 1880 1552 1946 ἐστίν·
1599 1882 1636 1944 b
1665 1881 1733 1944 δὲ
1770 1885 2040 1947 τοιοῦτος
2077 1884 2502 1964 σχηματισμὸς
2530 1882 2653 1942 τᾶν

347 1989 631 2049 Βοιωτῶν
683 1982 783 2048 καὶ
835 1982 1110 2049 Αἰολέων
1155 1985 1345 2058 ἐστίν,
1396 1983 1478 2051 ὥς
1526 1983 1596 2048 τὸ
1649 1987 1685 2021 “
1713 1982 2014 2050 Θύεστα”
2061 1981 2169 2070 (Il.
2217 2001 2278 2050 2.
2324 1983 2474 2067 107)
2520 1982 2652 2047 ἀντὶ
2690 1997 2762 2059 15

349 2091 456 2152 τοῦ
486 2084 766 2166 Θυέστης
795 2087 895 2150 καὶ
926 2091 965 2122 “
983 2084 1431 2169 νεφεληγερέτα
1441 2085 1480 2113 ”
1512 2085 1646 2152 ἀντὶ
1676 2091 1783 2171 τοῦ
1813 2085 2309 2170 νεφεληγερέτης·
2340 2083 2482 2169 παρ’
2511 2084 2657 2166 ἡμῖν

351 2191 420 2255 δὲ
450 2189 627 2257 οὐδὲν
654 2191 845 2271 ὄνομα
876 2191 1197 2272 ἀρσενικὸν
1226 2188 1328 2256 ἐπὶ
1357 2193 1464 2271 τῆς
1495 2190 1731 2258 εὐθείας
1761 2193 1848 2257 εἷς
1877 2196 1917 2254 ἃ
1944 2189 2123 2274 λήγει
2153 2194 2281 2262 Α-Ι·

448 2293 590 2375 176.
639 2289 905 2383 <ἑσσί>]
970 2293 1049 2358 ἔω
1106 2293 1179 2359 rb
1234 2294 1485 2378 ὑπάρχω
1544 2296 1692 2375 ἑσμί
1735 2293 1979 2380 ἑμ<μ>ί
2020 2293 2495 2380 <ἑμσί>-ὅπερ
2546 2293 2662 2378 οὐχ

355 2399 787 2482 εὕρηται-καὶ
816 2398 1007 2485 τροπῇ
1039 2402 1148 2463 τοῦ
1172 2397 1218 2478 ᾗ,
1248 2401 1335 2468 εἷς
1366 2399 1411 2463 εἶ’
1438 2406 1478 2435 “
1503 2398 1699 2463 έσσί”

448 2501 592 2585 178.
639 2498 805 2589 θεός]
836 2499 874 2579 ἦ
908 2500 1231 2585 εἱμαρμένη
1500 2501 1642 2568 182.
1690 2502 1769 2569 ὣς
1799 2499 1935 2592 ἐμέ]
1969 2504 2177 2587 ὥσπερ
2206 2501 2316 2583 ἐμέ
2695 2534 2770 2575 20

449 2607 594 2690 187.
635 2602 807 2694 ἴσον]
842 2604 1135 2689 ἰσήγορον
1409 2625 1552 2692 190.
1598 2606 1791 2692 παρά]
1821 2609 1927 2674 ἐπί

455 2729 597 2797 191.
644 2705 1077 2798 ἀναστήσειεν]
1110 2709 1580 2790 ἀναστατῶσειε,
1611 2709 2018 2802 θορυβήσειεν

455 2832 602 2896 194.
649 2811 920 2896 κολεοῖο]
949 2816 1055 2893 τῆς
1086 2810 1422 2896 ξιφοθήκης
1450 2814 1554 2890 τῆς
1582 2814 1655 2878 rb
1685 2813 2100 2895 κολοβοποιδν
2127 2816 2436 2899 φερούσης
2466 2814 2665 2900 ξίφος.

364 2920 553 2985 κόλον
580 2920 699 3001 γὰρ
728 2917 798 2982 rb
829 2917 1101 2997 κολοβόν

462 3033 603 3108 195.
648 3020 902 3104 οὐρανὸν
929 3020 1041 3102 τὴν
1070 3018 1348 3104 κεφαλήν
1379 3028 1537 3103 φησι
1566 3023 1669 3087 διὰ
1697 3027 1769 3088 rb
1800 3022 2187 3106 σφαιροειδές
2701 3048 2776 3108 25

649 3125 882 3206 Ἀθηνᾶ
925 3126 1093 3190 ἐστιν
1135 3123 1172 3203 ἧ
1206 3129 1312 3188 τοῦ
1354 3124 1501 3193 Διὸς
1542 3126 1808 3208 σύνεσις,
1837 3127 1876 3207 ἦ
1919 3128 2069 3209 αὑτὴ
2110 3127 2267 3192 οὑσα
2304 3130 2377 3216 τῇ
2410 3128 2479 3194 ἑν
2504 3128 2665 3214 αὐτῷ

371 3231 643 3316 προνοίᾳ·
699 3229 794 3294 διὸ
836 3229 933 3294 καὶ
971 3229 1276 3312 Προνοίας
1301 3227 1564 3308 Ἀθηνᾶς
1594 3231 1825 3313 ἵδρυται
1867 3231 2031 3299 ναός.
2081 3230 2330 3315 λέγεται
2358 3235 2426 3298 δὲ
2456 3258 2669 3317 γεννη-

374 3339 551 3415 θῆναι
594 3334 661 3399 έκ
698 3337 806 3414 τῆς
845 3335 1120 3414 κεφαλῆς
1162 3335 1269 3396 τοῦ
1314 3333 1482 3412 Διός,
1517 3330 1599 3400 ὥς
1645 3337 1769 3398 τῶν
1805 3335 2075 3419 ἀρχαίων
2116 3336 2563 3420 ὑπολαβόντων
2603 3336 2674 3401 τὸ

373 3437 735 3524 ἡγεμονικὸν
792 3440 897 3517 τῆς
948 3440 1156 3520 ψυχῆς
1211 3434 1383 3516 ἡμῶν
1431 3438 1688 3501 ἐνταῦθα
1746 3437 1921 3516 εἶναι,
1971 3438 2053 3506 ὥς
2111 3440 2213 3504 καὶ
2271 3440 2467 3523 ἕτεροι
2521 3442 2677 3522 μετὰ

375 3548 563 3607 ταῦτα
603 3538 920 3620 ἐδόξασαν.
981 3538 1223 3622 ἀμήτωρ
1267 3538 1336 3604 δέ
1379 3541 1551 3604 ἐστιν
1592 3539 1631 3620 ἥ
1674 3537 1905 3623 Ἀθηνᾶ
1948 3544 2049 3607 διᾶ
2090 3547 2162 3607 rb
2207 3544 2471 3609 ἀλλοίαν
2521 3545 2686 3611 εἶναι,
2707 3567 2786 3625 30

378 3646 491 3727 τὴν
526 3648 634 3725 τῆς
673 3647 885 3727 ἀρετῆς
923 3643 1172 3726 γένεσιν
1201 3640 1300 3707 καὶ
1330 3644 1445 3728 οὐχ
1488 3646 1590 3710 οἶα
1628 3649 1751 3710 τῦν
1785 3646 1853 3710 ἑκ
1893 3650 2280 3727 συνδυασμοῦ
2317 3646 2680 3730 γενομένων.

377 3748 625 3833 λέγεται
670 3748 738 3813 δὲ
780 3746 862 3815 ὥς
904 3746 1016 3826 τὴν
1059 3750 1265 3826 Μῆτιν
1308 3749 1616 3814 καταπιὼν
1659 3750 1694 3812 ὁ
1735 3747 1886 3817 Ζεὺς
1922 3749 2145 3829 ταύτην
2183 3748 2525 3834 ἐγέννησεν·
2565 3780 2682 3834 μη-

380 3852 580 3933 τιέτης
616 3854 736 3937 γὰρ
771 3853 870 3917 καὶ
914 3849 1165 3919 συνετὸς
1201 3848 1286 3916 ὢν
1330 3851 1665 3934 οὐδαμόθεν
1707 3852 1977 3918 ἄλλοθεν
2012 3850 2052 3934 ἢ
2098 3854 2165 3918 ἐκ
2204 3857 2312 3934 τῆς
2340 3854 2473 3920 καθ’
2501 3857 2686 3923 αὑτὸν

383 3959 616 4040 βουλῆς
651 3955 760 4036 τὴν
806 3955 1002 4040 ἀρχὴν
1043 3960 1149 4020 τοῦ
1193 3959 1447 4039 φρονεῖν
1487 3956 1695 4041 ἔσχεν.
1751 3958 2208 4041 ἑτυμολογεῖται
2252 3960 2320 4023 δὲ
2365 3956 2596 4041 Ἀθηνᾶ
2647 3959 2686 4041 ἢ

385 4063 507 4127 ἀπὸ
549 4063 655 4124 τοῦ
692 4059 901 4142 ἀθρεῖν
943 4056 1157 4138 πάντα,
1201 4058 1344 4139 ἤτοι
1376 4059 1646 4143 Ἀθρηνᾶ
1682 4086 1775 4128 τις
1818 4059 1993 4142 οὖσα,
2028 4057 2068 4142 ἢ
2113 4058 2352 4141 Ἀθηλᾶ
2395 4088 2487 4132 τις
2531 4064 2688 4129 οὖσα
2716 4080 2793 4142 35

385 4169 487 4232 διὰ
528 4164 600 4230 rb
651 4165 864 4247 καίπερ
908 4162 1128 4244 θήλεια
1177 4163 1333 4228 οὖσα
1380 4163 1604 4245 ἥκιστα
1652 4163 1984 4245 θηλύτητος
2037 4166 2137 4231 καὶ
2188 4166 2494 4235 ἑκλύσεως
2543 4193 2686 4249 μετ-

386 4269 576 4355 έχειν·
620 4272 883 4333 τοιοῦτοι
932 4267 1049 4350 γὰρ
1094 4269 1155 4331 οἱ
1207 4268 1512 4350 φρόνιμοι,
1554 4270 1877 4351 ἀθροΰντες
1928 4267 2063 4350 ἥτοι
2110 4270 2570 4354 προβλέποντες
2615 4273 2693 4336 rb

386 4373 692 4455 μέλλοντα
741 4371 842 4435 καὶ
890 4370 1115 4451 ἥκιστα
1168 4371 1539 4454 χαυνότητος
1593 4370 1975 4458 μετέχοντες.
2056 4373 2382 4456 παρθενεία
2431 4372 2502 4439 δέ
2558 4375 2696 4440 ἐστι

457 4523 504 4574 9.
528 4505 775 4564 βασιλέων
812 4510 833 4567 ΙΙ
871 4519 949 4557 12.
982 4504 1116 4587 ⁸⁴st
1138 4506 1283 4587 ‘3⁰⁶³-
1306 4507 1402 4558 Od.
1437 4512 1461 4568 ΙΙ
1500 4509 1577 4560 18.
1610 4506 1951 4573 {adscriptis
1974 4506 2071 4571 εἶμί
2104 4512 2128 4569 η
2165 4522 2242 4559 20.
2265 4514 2381 4574 pont
2414 4509 2510 4572 «152.
2534 4510 2691 4575 seu-ip·

390 4579 505 4625 tum
526 4572 687 4635 δήσεις
723 4580 746 4634 n
786 4571 866 4624 26.
901 4573 1119 4623 eumd»
1147 4588 1204 4622 m
1225 4572 1320 4624 hoo
1341 4573 1533 4624 scholio
1559 4575 1751 4625 multo:
1783 4574 2135 4654 supplementa
2169 4575 2273 4625 fere
2300 4592 2364 4625 ex
2391 4575 2438 4625 L
2466 4580 2692 4639 nampio,

389 4640 511 4705 quia
543 4645 684 4689 σοι-ιι
714 4654 885 4689 eoram
915 4638 1085 4689 oodioe
1116 4638 1439 4703 videbantur,
1472 4639 1697 4691 indicam
1730 4639 1872 4690 nolm
1909 4644 1931 4700 fl
1970 4653 2048 4703 31.
2083 4638 2189 4689 οἷαν
2210 4641 2422 4691 cornuti
2456 4640 2687 4691 codicum

393 4721 509 4771 par·
544 4710 565 4768 ΙΙ
601 4702 876 4768 γενομένων
898 4706 1051 4755 etiam
1074 4705 1327 4755 Cornutus
